3119 5087
723 576 1062 654 praeterea
1104 566 1275 649 apud
1315 565 1664 631 Pindarum
1705 566 1891 651 Pyth.
1931 568 2074 629 XII.
2122 587 2245 644 ιι,
2298 567 2676 632 Pausaniam
2721 574 2798 633 Π.

725 694 853 751 21„
908 668 1368 756 Palaephatum
1423 680 1548 750 32„
1613 674 1948 758 Orpheum
2013 674 2094 736 de
2151 675 2493 759 Lapidihus
2556 683 2651 743 15.
2702 685 2797 743 13.

725 784 1185 865 Argumentum
1252 779 1623 842 comoediae
1701 781 1945 842 Cratini
2019 791 2316 843 accurate
2392 792 2629 845 tractat
2702 785 2797 845 Cl.

727 886 1236 950 Hemsterhusius
1296 886 1378 948 ad
1435 887 1767 948 Pollucem
1808 888 1891 947 X.
1943 891 2080 952 156.
2119 888 2535 971 Appollodori
2579 910 2804 951 narra-'-

726 995 969 1057 tionem
1010 983 1323 1068 retinens}
1365 996 1542 1057 cuius
1588 995 2050 1078 disputationis,
2092 1016 2240 1056 cum
2280 995 2361 1057 ad
2405 999 2802 1060 comoediam

727 1101 952 1163 melius
996 1101 1466 1163 diiudicandam
1504 1102 1776 1163 multum
1816 1103 2128 1180 conferat,
2165 1103 2561 1165 mentionem
2588 1106 2800 1168 facere

728 1209 855 1270 hoc
895 1209 1040 1269 loeo
1082 1230 1213 1270 non
1261 1208 1537 1269 alienum
1578 1229 1709 1269 esse
1750 1209 2049 1277 arbitror.
2149 1208 2490 1293 Seriphum
2532 1211 2802 1273 insulam

729 1315 854 1378 hac
902 1316 1115 1378 fabula
1166 1316 1440 1400 tetigisse
1497 1316 1829 1376 Cratinum
1869 1314 2071 1400 liquet
2110 1337 2184 1378 ex
2230 1338 2416 1379 versu
2457 1318 2630 1401 apud
2673 1319 2805 1382 He-

731 1424 1172 1508 phaestionem
1209 1447 1274 1508 p.
1327 1428 1425 1488 52.
1476 1425 1570 1506 (p.
1614 1427 1712 1505 89.
1766 1427 1825 1487 8.
1870 1422 1969 1485 ed.
2015 1423 2236 1500 Gaisf.)
2279 1434 2567 1485 servato:

897 1511 1188 1616 Χαίρετε,
1231 1530 1451 1604 πάντες
1489 1527 1647 1608 θεοῖ,
1697 1525 2066 1610 πολύβωτον
2103 1524 2363 1593 ποτ’νίαν
2408 1528 2701 1616 Σεράρον.

732 1635 898 1699 Vide
942 1637 1158 1699 Herm.
1199 1636 1404 1698 Elem.
1450 1636 1512 1697 d.
1555 1660 1640 1697 m.
1686 1659 1751 1719 p.
1798 1640 1936 1718 644.
1982 1634 2154 1721 Epit.
2197 1630 2405 1725 doctr.
2452 1660 2536 1698 m.
2582 1644 2640 1712 §.
2667 1642 2805 1704 612‘.

733 1742 980 1805 Fabula
1036 1763 1189 1803 vero
1248 1742 1409 1804 haec
1476 1752 1589 1802 est.
1688 1743 1976 1820 Perseus,
2044 1743 2315 1804 abscisso
2344 1742 2655 1807 ,Medusae
2700 1768 2809 1807 ca·-

737 1851 894 1936 pite,
938 1850 1004 1909 in
1042 1848 1446 1932 Aethiopiam
1489 1848 1762 1926 devenit,
1797 1844 2395 1935 Andromedamque
2434 1850 2675 1934 Cephei
2710 1873 2812 1913 re-

739 1957 829 2042 gis
891 1955 1085 2017 filiam
1127 1957 1273 2038 rupi
1318 1955 1635 2040 alligatam
1680 1967 1745 2018 et
1785 1957 2031 2018 crudeli
2073 1956 2325 2020 belluae
2365 1958 2650 2019 marinae
2706 1980 2810 2020 ex-

666 2050 671 2057 ’
740 2066 1019 2150 positam
1059 2063 1253 2126 videt.
1340 2065 1518 2124 Hanc
1562 2064 1730 2125 enim
1771 2073 2072 2148 tanquam
2109 2063 2381 2126 hostiam
2420 2050 2834 2148 piacularem⁸

710 2173 1071 2259 'Ammonis
1114 2172 1446 2233 oraculum
1486 2181 1551 2233 et
1575 2170 1872 2233 Nereides
1917 2172 2116 2249 iratae
2160 2183 2607 2256 poposcerant,
2640 2171 2813 2255 quod

743 2282 820 2343 iis
888 2280 1179 2342 omnihus
1241 2280 1450 2341 forma
1491 2299 1558 2338 se
1607 2277 2001 2362 praecellere
2043 2278 2333 2340 iactasset
2370 2299 2530 2339 uxor
2571 2277 2813 2362 Cephei

747 2386 1142 2472 Cassiopeiat
1190 2406 1408 2447 amore
1452 2384 1744 2445 incensus
1774 2385 2043 2444 Perseus
2068 2385 2319 2466 nuptias
2344 2383 2810 2461 Andromedae,

741 2494 796 2557 ai
852 2494 1026 2556 illam
1084 2514 1122 2554 a
1172 2490 1460 2568 vinculis,
1537 2489 1747 2563 occiso
1805 2498 1967 2567 cete,
2031 2490 2379 2569 liberasset,
2447 2490 2810 2573 paciscitur.

741 2603 1032 2662 Deorum
1098 2599 1314 2683 itaque
1376 2598 1442 2659 in
1488 2596 1708 2680 primis
1748 2596 2074 2658 Minervae
2120 2596 2347 2657 auxilio
2394 2596 2644 2657 adiutus
2686 2598 2816 2657 An-

746 2706 1130 2770 dromedam
1192 2705 1409 2766 solvitz
1470 2713 1534 2764 at
1595 2725 1740 2765 cum
1793 2703 2070 2765 Phineus
2142 2704 2245 2765 cui
2286 2704 2461 2788 prius
2508 2702 2815 2786 desponsa

742 2814 955 2875 fuerat
1000 2810 1429 2889 Andromeda,
1471 2810 1735 2876 insidias.
1771 2810 1830 2871 ei
1871 2819 2164 2887 strueret,
2227 2808 2413 2870 hunc*
2442 2808 2625 2868 simul
2670 2831 2815 2869 cum

748 2897 1318 2996 sociissostentato
1359 2915 1659 2977 Medusae
1704 2915 2020 2999 capite,in
2059 2937 2200 2976 saxa
2231 2916 2518 2977 mutavit.
2561 2917 2811 2979 Deinde

747 3048 895 3088 cum
947 3027 1016 3087 in
1075 3022 1345 3085 insulam
1387 3021 1726 3107 Seriphum
1766 3044 2053 3083 reversus
2094 3032 2363 3083 matrem
2405 3044 2552 3085 cum
2585 3025 2812 3108 Dictye

742 3141 1012 3218 propter
1067 3130 1327 3191 iniurias
1386 3152 1423 3190 a
1473 3129 1817 3214 Polydecte
1875 3109 2074 3191 illatas
2135 3130 2217 3190 ad
2267 3152 2418 3200 aras
2454 3132 2810 3214 confugi-sse

652 3301 657 3308 ,
746 3239 1016 3314 videret,
1077 3259 1298 3321 regem
1350 3237 1558 3321 ipsum
1619 3246 1684 3298 et
1742 3237 1850 3322 qui
1895 3259 2042 3300 cum
2086 3258 2161 3299 eo
2213 3239 2473 3299 fuerunt
2517 3239 2814 3300 Medusae

748 3345 1061 3429 adspectu
1115 3341 1191 3404 in'
1244 3343 1483 3427 lapides
1549 3344 1762 3406 vertit.
1863 3343 2289 3421 Andromeda,
2349 3344 2525 3405 cuius
2578 3345 2815 3407 mentio

747 3454 821 3514 fit
882 3452 948 3512 in
1010 3450 1251 3511 Cratini
1311 3451 1664 3535 fragmento
1727 3451 1896 3535 apud
1932 3451 2261 3512 Pollucem
2300 3453 2383 3515 X.
2428 3456 2561 3516 156.
2610 3448 2816 3514 δελέα-

750 3581 912 3640 στρα
953 3567 1242 3634 vocatur,
1275 3556 1748 3618 Hemsterhusio
1788 3568 1962 3619 recte
1995 3541 2315 3635 monente,
2344 3568 2613 3643 propter
2646 3581 2819 3619 amo-

752 3688 919 3739 rem,
961 3666 1025 3725 in
1072 3685 1262 3751 quem
1302 3663 1619 3724 inciderat
1659 3664 1947 3725 Perseus.
2031 3664 2464 3727 Probabiliter
2508 3666 2819 3750 quaedam

751 3771 832 3834 de
880 3771 1000 3831 hac
1040 3771 1261 3831 fabula·
1298 3770 1573 3831 coniecit
1611 3771 1902 3832 Meineke
1951 3770 2016 3832 in
2055 3773 2322 3855 praefat.
2374 3773 2457 3834 ad
2482 3773 2812 3835 Menandr.

749 3904 814 3965 p.
874 3878 1103 3952 XVIII,
1208 3877 1440 3938 Multos
1500 3878 1776 3938 comicos
1836 3878 1918 3938 in·
1951 3878 2177 3939 fabulis
2218 3870 2500 3942 vetulam
2543 3881 2817 3964 piscihus

754 3984 1190 4048 devorandam
1255 3985 1626 4067 exposuisse,
1697 3993 1769 4044 ut
1815 3985 2284 4047 Andromedam
2341 3987 2510 4071 apud
2551 3987 2820 4071 tragicos

750 4104 971 4182 poetas
1026 4114 1214 4181 saepe
1279 4093 1529 4158 obviam
1601 4091 1869 4157 ridicule
1942 4092 2361 4175 imitarentur,
2441 4093 2629 4158 docet
2683 4092 2823 4157 Ari-
