3119 5087
1530 406 2063 477 ——108-

781 587 1176 675 Ξωκρὰτους,
1236 588 1481 670 μᾶλλον
1537 582 1582 672 ἦ
1612 584 2092 675 4Ἀριστοφοινης
2138 589 2207 653 ἐν
2251 582 2429 664 ὅλαις
2468 592 2602 660 ταῖς
2648 587 2847 670 Nape..

779 702 920 774 λαῖς
962 691 1158 760 αὐτοῦ
1207 694 1562 778 καθήψατο.
1619 697 1713 757 Cf.
1767 697 2009 759 Lucian
2050 698 2116 756 in
2158 696 2385 759 Piscat.
2429 716 2487 756 c.
2536 700 2636 760 25.
2674 697 2753 756 Τ.
2787 693 2853 755 ιῙι

774 826 842 889 p.
889 807 1026 887 595.
1114 804 1386 884 Πτωχὸν
1427 797 1779 884 ἀδολέσχην
1820 824 1967 865 eum
2009 803 2281 864 vocabat
2329 811 2397 864 et

931 903 1327 990 ’Λδολεσχεῖν
1365 903 1559 972 αὐτὸν
1600 908 1939 987 ἐκδιᾌαξοιῃ
1974 898 2027 972 ὦ
2070 906 2367 993 σοφιστά.

774 1017 984 1100 Etym.
1028 1017 1114 1076 M.
1165 1019 1263 1080 ιδ.
1308 1037 1403 1081 ιο.
1500 1016 1949 1093 Memorabiles
2008 1024 2154 1093 sunt
2192 1035 2422 1089 versus,
2457 1014 2538 1077 de
2577 1010 2846 1076 Socrate

776 1121 945 1217 apud
1001 1121 1418 1184 Scholiastam
1472 1121 1557 1183 ad
1621 1121 1942 1204 Aristoph.
2010 1121 2170 1184 Nub.
2229 1144 2331 1204 97.
2378 1141 2450 1199 ex
2493 1120 2842 1182 Hermanni

773 1222 1083 1291 sententia
1126 1227 1539 1290 choriambici
1584 1227 1839 1290 dimetri
1881 1220 2006 1288 hoc
2052 1225 2277 1290 ordine
2320 1224 2640 1312 dispositi:

1098 1330 1444 1415 Δεξάμενος
1487 1333 1556 1400 δὲ
1600 1332 1934 1418 Σωκράτης

1058 1442 1209 1523 ’τὴν
1246 1437 1534 1518 ἔπιῖἲειξιν
1615 1485 1637 1505 .
1717 1487 1737 1506 .
1818 1488 1839 1504 .

1091 1544 1483 1631 Στησιχόρου
1528 1548 1689 1630 πρὸς
1724 1547 1837 1627 τῆν
1880 1544 2079 1630 λύραν

1094 1648 1383 1734 οἰνοχόην
1422 1649 1702 1732 ἔκλεψεν.
1851 1728 1864 1736 θ
2483 1668 2502 1697 ³

771 1778 916 1822 cum
960 1781 1105 1843 quo
1154 1760 1301 1821 loco
1347 1759 1721 1821 conseratur
1758 1758 2208 1844 Aristophanes
2258 1759 2324 1822 iu
2364 1759 2649 1823 Nubibus
2694 1784 2835 1847 ²79·

770 1875 836 1926 et
877 1865 1090 1927 Schol.
1139 1864 1220 1926 ad
1259 1865 1324 1926 h.
1362 1865 1408 1927 1.

925 1971 1180 2035 Etenim
1237 1970 1395 2033 illud
1456 1971 1698 2059 Cratini
1743 1980 1913 2050 tum,
1958 1973 2009 2033 si
2056 1995 2334 2057 unquam
2385 1973 2558 2051 alias,
2616 1971 2834 2036 evenit

763 2068 855 2162 τῷ
894 2074 1137 2164 θεάτρῳ
1182 2078 1450 2161 νοσῆσαι
1496 2081 1609 2154 τᾶς
1646 2075 1898 2164 φρένας.
1976 2079 2276 2142 Socrates
2316 2100 2493 2155 vero,
2542 2077 2833 2162 quando-

767 2182 1027 2267 quidem
1082 2186 1343 2263 sciehat,
1409 2206 1478 2246 se
1537 2185 1603 2246 in
1643 2185 1976 2249 comoedia
2020 2186 2321 2247 iactatum
2363 2184 2467 2262 iri,
2508 2183 2833 2247 theatrum

762 2291 1211 2374 frequentabat
1252 2304 1441 2377 atque
1482 2314 1602 2377 per
1641 2301 1846 2353 totum
1895 2290 2114 2353 drama
2154 2291 2541 2354 certantibus
2569 2290 2833 2352 histrio-

762 2397 947 2458 nibus
990 2400 1376 2462 cernebatur
1417 2422 1453 2459 a
1495 2399 1981 2482 spectatoribus.
2059 2399 2266 2459 Tanta
2303 2407 2447 2461 erat
2487 2397 2619 2460 eius
2670 2418 2833 2460 con-

662 2526 674 2532 *
763 2505 995 2568 stantia
1053 2507 1118 2569 in
1180 2505 1545 2569 sustinendo
1603 2505 1995 2567 comicorum
2038 2504 2281 2588 impetu
2326 2514 2392 2580 et
2431 2504 2498 2568 in
2540 2513 2829 2568 contem-

762 2617 992 2682 nendis
1026 2617 1504 2682 Atheniensium
1543 2615 1808 2681 facetiis.

909 2724 1116 2787 ‘Suida
1160 2734 1322 2787 teste
1378 2727 1473 2802 (v.
1525 2714 1828 2802 Εὔπολις)
1881 2718 2091 2780 decies
2131 2716 2463 2778 victoriam
2506 2698 2827 2776 assecutus

760 2839 854 2891 est
887 2828 1174 2914 Eupolis,
1221 2830 1464 2891 fabulas
1491 2828 1713 2891 docuit
1732 2822 2187 2911 septendecim·
2267 2825 2318 2888 E
2348 2822 2832 2884 comoediarum

760 2937 1071 3019 catalogo,
1138 2937 1247 3021 qui
1292 2957 1631 2997 numerum
1675 2935 1838 2997 iusto
1884 2933 2192 2995 maiorem
2233 2932 2609 3015 plerumque
2653 2930 2828 2991 exhi-

756 3043 914 3104 bere
989 3043 1170 3118 solet,
1253 3043 1597 3104 nonnullae
1674 3040 1849 3103 haud
1910 3040 2101 3102 dubie
2160 3050 2308 3102 sunt
2374 3038 2824 3117 extrudendae.

759 3145 1190 3229 Μακάρισμος
1256 3160 1322 3209 et
1381 3143 1733 3229 Μαρικάση
1792 3146 1857 3208 in
1903 3145 2171 3207 Bekkeri
2214 3146 2553 3210 Auecdotis
2599 3148 2712 3209 Gr.
2757 3168 2824 3228 p.

758 3277 898 3331 ιιι,
945 3259 1001 3318 5.
1045 3266 1107 3316 et
1148 3279 1212 3338 p.
1255 3259 1398 3336 467,
1448 3274 1545 3321 ια.
1591 3253 1868 3328 fabulae,
1911 3252 1992 3314 ad
2021 3252 2320 3335 Eupolim
2348 3252 2536 3335 vulgo
2560 3252 2826 3328 relatae,

755 3370 1083 3443 suspectae
1141 3370 1285 3422 sunt
1331 3370 1396 3421 et
1433 3360 1516 3421 acl
1558 3361 1865 3421 Maricam
1904 3359 2249 3442 pertinent.
2352 3356 2830 3441 Στεφανοπώλι..
2866 3421 2874 3428 ,

755 3469 874 3546 δἐς,
917 3489 1080 3551 quac
1122 3466 1452 3549 Eupolidis
1495 3487 1727 3526 nomen
1772 3466 2189 3541 mentiuntur,
2250 3466 2503 3528 Eubulo
2545 3464 2828 3528 redden-

755 3575 874 3637 dae
918 3584 1082 3637 sunt.
1131 3573 1225 3638 Cf.
1273 3574 1538 3636 Casaub.
1588 3572 1667 3634 ad
1707 3572 1936 3635 Athen.
1987 3574 2096 3638 lx.
2141 3596 2203 3656 p.
2243 3577 2383 3652 384,
2419 3574 2487 3633 C.
2573 3564 2825 3648 Πύλας,

749 3681 1031 3743 sahulam
1070 3680 1264 3740 semel
1297 3689 1542 3741 tantum
1588 3702 1625 3741 a
1667 3677 2017 3740 Scholiasta
2061 3678 2144 3740 ad
2186 3679 2619 3763 Aristophanis
2662 3681 2827 3740 Aves

753 3796 1341 3862 commemoratam,
1396 3785 1505 3846 diu
1552 3786 1676 3847 iam
1721 3787 1785 3847 in
1847 3785 2116 3854 schedis,
2154 3786 2307 3850 meis
2358 3788 2824 3852 asteriscoru-

750 3894 900 3970 tavi,
966 3914 1347 3975 quamquam
1405 3892 1623 3964 'locum
1688 3889 1893 3973 ipsum
1949 3894 2246 3975 Eupolidi
2293 3895 2824 3977 nonahnegave-

690 4077 694 4082 p
750 4002 892 4062 rim.
976 3991 1316 4071 Nonnullas
1349 3999 1519 4076 alias,
1559 3990 1754 4061 veluti
1792 3985 1939 4061 suni
1965 3998 2212 4063 Κλοταί
2241 4000 2547 4075 (Erotian.
2574 4025 2637 4083 p.
2681 4021 2821 4082 172.

750 4106 850 4168 ed.
885 4107 1157 4182 Franz.)‚
1202 4102 1376 4180 Δι’)ας
1420 4101 1602 4182 (Poll.
1634 4104 1739 4169 lx.
1770 4109 1923 4190 27.),
1953 4107 2215 4208 Σφιχγὲς
2244 4109 2453 4186 (Phot.
2479 4109 2623 4172 Lex.
2655 4110 2824 4176 Νεα-
