3119 5087
337 1199 730 1308 Priusquam
796 1224 876 1287 ad
924 1223 1423 1310 disquisitionem
1468 1227 1546 1292 de
1607 1226 1869 1290 Cratino
1912 1228 2050 1313 ipso
2093 1237 2412 1312 transgre-

340 1335 505 1413 dior,
561 1359 766 1421 pauca
821 1341 1299 1423 praemonenda
1356 1363 1490 1407 esse
1546 1342 1847 1404 videntur
1890 1341 1969 1404 de
2013 1342 2412 1418 comoediae,

339 1465 502 1527 quae
558 1445 736 1529 apud
793 1448 1071 1510 Graecos
1132 1447 1379 1528 floruit,
1438 1449 1828 1533 primordiis,
1880 1448 2258 1533 quibuscum
2304 1447 2412 1510 ille

335 1561 530 1633 poeta
579 1562 712 1613 tam
754 1563 933 1614 arcto
977 1554 1231 1616 vinculo
1279 1556 1658 1617 coniunctus
1704 1566 1818 1635 est,
1869 1565 1940 1617 ut
1987 1556 2253 1639 p‘rimuS,
2302 1576 2410 1616 re-

334 1658 501 1720 lictis
568 1659 832 1722 rudibus
890 1661 1417 1743 praecedentium
1487 1663 1670 1742 ludis,
1749 1672 2086 1747 spretaque
2169 1661 2410 1722 inculta

335 1758 593 1827 lascivia
653 1775 718 1827 et
763 1766 1189 1849 simplicitate,
1250 1769 1650 1832 comoediam
1696 1769 1776 1831 ad
1818 1768 1977 1830 illud
2017 1767 2191 1830 floris
2232 1768 2413 1829 fasti-

335 1871 513 1956 gium
558 1872 871 1950 extulerit,
930 1874 1116 1957 quale
1160 1875 1334 1959 nulli·
1359 1876 1597 1959 poshac
1642 1877 1856 1956 aetati,
1909 1876 2191 1963 nullique
2237 1878 2410 1963 genti

337 1956 672 2063 contigisse
716 1980 873 2042 m‘ihi
917 1983 1175 2066 quidem
1217 1983 1759 2067 persuasissimum
1791 1984 2024 2047 haheo·
2109 1987 2175 2047 Si
2206 1988 2414 2049 Grae-

337 2107 565 2149 corum
605 2086 938 2149 historiam
981 2088 1318 2173 diligenter
1357 2090 1836 2173 pe1·lustramuS‚
1889 2101 2183 2176 tempora
2222 2092 2406 2154 nohis

337 2207 691 2260 occurrunt
730 2207 1068 2281 poctarum
1111 2197 1177 2258 in
1222 2206 1357 2258 arte
1394 2197 1637 2281 tragica
1670 2198 2008 2282 insignium
2044 2200 2410 2262 nominibus

339 2305 534 2382 clara,
579 2326 725 2366 cum
764 2315 979 2366 tamen
1023 2304 1421 2365 comicorum
1465 2305 1565 2365 vix
1607 2313 1718 2365 aut
1760 2304 1932 2364 nulla
1981 2306 2092 2367 fiat
2133 2309 2406 2377 mentio;

336 2411 525 2496 quod
579 2434 657 2474 eo
713 2413 907 2495 magis
972 2411 1459 2473 admirationem
1516 2421 1801 2472 nostram
1857 2429 2116 2473 movere
2172 2420 2410 2496 potest,

336 2538 486 2582 cum
545 2528 888 2604 utrumque
941 2519 1149 2603 poesis
1210 2540 1404 2600 genus
1463 2517 1544 2579 ad
1588 2539 1781 2579 unam
1834 2517 2229 2604 eandemque
2275 2520 2408 2581 ori-

335 2627 547 2712 ginem
595 2648 801 2711 paene
860 2626 1102 2689 redeat.
1210 2627 1450 2687 Causae
1502 2648 1683 2703 vere,
1731 2626 1957 2708 quihus
1999 2626 2244 2688 factum
2288 2636 2407 2704 est,

335 2743 411 2794 ut
449 2732 782 2794 comoe‘dia
827 2742 891 2794 et
930 2731 1262 2816 tragoedia
1296 2732 1552 2795 diversis
1583 2732 1977 2816 temporibus
2021 2732 2268 2794 diversa
2309 2733 2410 2794 in-

335 2850 662 2903 crementa
705 2841 1092 2923 acceperint,
1136 2840 1203 2899 in
1250 2840 1386 2923 ipso
1429 2840 1684 2923 imperii
1725 2839 2205 2901 Atheniensium
2241 2848 2412 2900 statu

336 2944 783 3031 requirendae,
839 2958 913 3008 ut
969 2945 1329 3008 luculenter
1371 2946 1563 3008 docet
1602 2946 1928 3007 Platonius
1953 2947 2052 3023 *)ξ
2110 2968 2257 3008 nam
2300 2944 2414 3006 de-

335 3054 646 3115 mocratia
683 3053 1050 3137 potentiore
1091 3052 1347 3115 reddita
1390 3052 1725 3114 comoedia
1771 3052 2069 3130 effloruit,
2106 3052 2214 3113 illa
2252 3072 2409 3113 vero

342 3161 425 3223 ad
482 3162 677 3224 finem
729 3170 1033 3244 vergente
1073 3160 1234 3221 haec
1281 3160 1466 3220 simul
1514 3159 1813 3222 defloruit
1860 3170 1926 3222 et
1971 3161 2414 3221 obmutescere

338 3271 570 3355 coepit.
667 3268 1092 3350 Temporibus
1159 3267 1424 3345 Cratini,
1476 3263 1808 3350 Eupolidis
1871 3276 1936 3328 et
1975 3268 2411 3352 Aristophanis

339 3399 485 3438 cum
524 3376 696 3460 apud
730 3376 1141 3438 Athenienses
1189 3395 1431 3435 summa
1475 3396 1694 3435 rerum
1735 3384 2012 3457 potestas
2055 3398 2250 3459 penes
2292 3398 2414 3459 po-

339 3485 563 3569 pulum
606 3494 787 3561 esset,
832 3484 940 3568 qui
985 3483 1150 3543 sicut
1193 3484 1544 3566 imperator
1591 3491 1655 3543 et
1699 3480 1987 3543 dominus
2040 3482 2248 3543 civilia
2281 3492 2416 3554 tra-

340 3594 555 3654 ctabat
607 3592 884 3677 negotia,
950 3589 1240 3651 omnihus
1303 3611 1373 3650 ex
1440 3609 1646 3670 aequo
1693 3576 2293 3650 concessa‘dicendi
2336 3588 2414 3648 li-

336 3699 610 3778 bertate,
661 3722 852 3782 quam
894 3697 1126 3758 Graeci
1170 3693 1493 3778 ἰσηγορίαν
1539 3696 1884 3779 appellant,
1931 3694 2413 3757 comoediarum

344 3817 598 3892 quoque
660 3806 1000 3889 scriptores
1054 3802 1219 3863 hanc
1275 3800 1585 3885 loquendi
1633 3812 1697 3865 et
1737 3800 2164 3886 vituperandi,
2215 3822 2415 3887 quae-

478 4008 531 4076 ”)
562 4008 714 4077 Περὶ
753 4007 1049 4078 διαφορᾶς
1085 4007 1202 4061 τῶν
1239 4009 1375 4075 παρ’
1411 4005 1653 4072 ‘'EM-1161,
1696 4003 2044 4078 κωμῳδιῶν,
2086 4005 2144 4060 in
2177 4008 2419 4078 prolegg.

342 4102 563 4172 Kustcri
601 4100 673 4157 ad
711 4090 1098 4173 Aristophanis
1140 4098 1450 4154 comoedias
1486 4117 1545 4170 p.
1594 4099 1667 4154 X.
