3119 5087
329 624 581 693 ‚Forsan
643 620 976 702 legendum
1037 632 1130 685 est
1186 616 1448 717 ἕνιίἑησε.
1544 627 1639 686 Cf.
1696 627 1910 688 Schol.
1958 627 2039 690 ad
2079 627 2395 711 Aristoph.

328 731 459 812 Eq.
506 733 643 794 531.
676 790 679 795 ,
722 716 1143 799 Proverbium
1182 730 1329 792 inde
1373 741 1585 799 ortum
1628 743 1721 795 est
1760 744 2058 795 monente
2091 735 2396 797 Scoliasta

323 835 661 918 ,Στέφανον
686 832 803 913 μὲν
843 830 1023 915 ἔχων,
1061 835 1231 915 δίψει
1271 838 1333 899 ‹5’
1377 831 1744 913 ἀπολωλώς.
1826 839 2003 900 Sicut
2042 839 2202 901 hoc:

509 943 760 1025 Δελφὸς
800 935 957 1026 ἀνὴρ
1001 937 1307 1026 στέφανον
1347 941 1466 1022 μὲν
1507 939 1689 1024 ἔχων,
1733 943 1904 1025 δίψει
1946 946 2007 1006 ‹5’
2034 928 2424 1021 ἀπολωλώς.1
2491 961 2492 964 ’

334 1057 412 1110 et
447 1049 584 1109 fere
629 1049 854 1109 eodem
898 1049 1088 1111 modo
1129 1050 1445 1133 Aristoph.
1485 1050 1601 1134 Eq.
1650 1054 1787 1114 531.
1831 1051 2011 1111 Suid.
2055 1052 2328 1127 Κοννᾶς.

517 1150 755 1237 ’Ὠσπερ
813 1156 1062 1230 Κοννᾶς
1121 1153 1428 1242 στέφανον
1482 1154 1601 1236 μὲν
1666 1153 1825 1238 ἔχων
1882 1149 2074 1236 αὖον,
2113 1156 2285 1234 δίψει
2341 1163 2404 1224 δ’

1374 1270 1379 1278 ’
1639 1255 2002 1339 ἀπολωλώς.

514 1364 965 1430 Cleomachum
1003 1391 1292 1451 pravmn
1310 1378 1569 1452 poetam
1611 1370 1902 1433 Cratinus
1946 1371 2311 1456 perstrinxit
2335 1373 2402 1433 in

265 1460 271 1467 ’
337 1440 649 1533 Bubulcis
696 1476 780 1537 ob
825 1477 1056 1541 insulsa
1093 1487 1389 1559 poemata
1425 1476 1521 1538 his
1558 1477 1806 1538 verbis.

502 1574 612 1653 Ὃς
652 1574 766 1642 οὖκ
802 1579 995 1645 ἔδωκ’
1037 1582 1312 1646 αἰτοῦντι
1351 1580 1690 1669 Σοφοκλέει
1722 1578 1942 1667 χόρον,

513 1685 604 1770 τῷ
651 1685 1004 1774 Κλεομάχῳ
1045 1691 1127 1767 δ’,
1165 1684 1237 1753 ὃν
1278 1684 1391 1752 οὐκ
1435 1683 1512 1753 οἷν
1551 1685 1766 1771 ἦξιόυν
1806 1691 1926 1774 ἐγώ

338 1852 345 1857 .
516 1789 664 1870 ἐμοὶ
705 1791 1012 1858 διδάσκειν
1053 1790 1192 1858 οὐδ’
1231 1789 1308 1861 ἄν
1349 1795 1434 1870 εἷς
1467 1790 1757 1860 Ἀδώνια.
1919 1871 1925 1879 ‚

351 1896 615 1979 Legitur
654 1899 780 1961 hoc
820 1902 1242 1986 fragmentum
1283 1902 1451 1986 apud
1492 1903 1889 1965 Athenaeum
1938 1904 2109 1966 XIV.
2153 1929 2218 1988 p.
2270 1908 2409 1970 638.

359 2003 433 2063 F.
480 2003 488 2013 '
537 2007 610 2067 In
673 2008 882 2089 primo
938 2032 1122 2071 versu
1176 2011 1428 2073 facilem
1485 2011 2015 2090 emendationem,
2058 2037 2183 2101 qua
2223 1990 2452 2074 metri¹

359 2113 595 2175 rationi
647 2113 883 2192 satisfit,
942 2116 1155 2199 recepi
1222 2139 1256 2177 e
1301 2116 1599 2178 Meinekii
1644 2118 1789 2178 Cur.
1834 2119 1974 2180 crit.
2016 2142 2078 2202 p.
2124 2141 2250 2204 70„
2303 2122 2440 2181 ubi·

356 2216 698 2303 Σοφοκλέει
735 2220 963 2304 legitur
1002 2243 1121 2304 pro
1165 2222 1406 2305 vulgari
1448 2224 1779 2307 Σοφοκλεῖ.

456 2390 461 2399 ,
526 2326 595 2385 In
641 2326 825 2386 Horis
879 2327 959 2389 de
1005 2327 1230 2389 eodem
1275 2328 1566 2391 Cratinus
1610 2328 1803 2390 haec·

602 2464 686 2480 —··
722 2465 806 2479 --
852 2465 934 2479 —
983 2429 1095 2495 ἴτω
1137 2431 1202 2495 δὲ
1244 2457 1346 2497 και
1385 2431 1728 2521 τραγῳδίας

601 2561 637 2601 ο
689 2534 1062 2621 Κλεόμαχος
1108 2537 1500 2621 διδάσκαλος,
1544 2539 2001 2627 παοατιλτριῶν

605 2641 767 2726 ἔχων
800 2648 1019 2730 χορὸν,
1060 2646 1336 2712 Amnon
1369 2648 1718 2713 τιλλουσῶν
1759 2646 1923 2731 μέλη

606 2749 868 2838 πονηρά.
913 2787 996 2801 --

358 2866 459 2924 De
502 2861 686 2922 huius
731 2860 858 2921 loci
896 2882 1050 2924 vera
1093 2861 1402 2923 sententia
1448 2871 1744 2923 accurate
1787 2862 2189 2945 disputarunt
2223 2862 2423 2924 inter-

362 2978 576 3053 pretes
616 2966 695 3030 ad
733 2965 1132 3029 Athenaeum
1173 2968 1341 3032 XIV.
1386 2992 1446 3051 p.
1491 2973 1629 3032 638.
1673 2970 1743 3029 F.

527 3073 808 3135 Similem
848 3076 930 3138 ob
962 3073 1210 3136 cau'sam
1241 3076 1532 3137 Cratinus
1564 3076 1627 3137 in
1668 3075 1962 3137 Mollibus
1994 3074 2425 3158 Genesippum

361 3180 760 3242 ludicrorum
836 3182 1186 3244 carminum
1263 3192 1326 3245 et
1382 3181 1596 3243 hilaris
1656 3173 1872 3243 Musae
1931 3192 2186 3266 poetam
2246 3190 2427 3241 notat

364 3287 539 3369 apud
581 3287 850 3351 eundem
889 3287 1284 3350 Athenaeum
1324 3290 1491 3350 XIV.
1534 3312 1598 3372 p.
1634 3294 1771 3353 638.
1798 3290 1869 3349 F.
1954 3290 2138 3350 Hunc
2168 3298 2427 3374 poetam

362 3393 609 3455 scilicet
650 3394 955 3456 invenisse
998 3396 1274 3456 moechis
1318 3383 1631 3458 nocturna
1674 3397 1975 3474 carmina,
2020 3397 2247 3481 quihus
2285 3419 2428 3458 mu·-

364 3501 658 3564 lierculas
700 3512 1148 3584 provocarent,
1206 3512 1394 3586 atque
1456 3502 1762 3564 musicam
1814 3504 2049 3585 partim
2094 3503 2174 3564 ad
2217 3501 2427 3563 molli-

365 3608 521 3668 tiem
582 3617 647 3669 et
689 3607 1092 3670 dulcedinem
1135 3609 1503 3691 depravasse
1545 3619 1611 3670 et
1652 3631 2003 3686 enervasse,
2065 3605 2423 3692 partim'ad

365 3714 719 3778 deteriores
764 3714 1042 3777 actiones
1093 3738 1422 3799 usurpasse
1462 3716 1735 3777 aliorum
1782 3736 2035 3800 quoque
2061 3716 2426 3798 fragmentis

366 3832 581 3905 potest
622 3823 1007 3884 confirmari.

529 3930 796 3992 Praetei
852 3929 967 3991 hos
1027 3930 1317 3992 Cratinus
1358 3930 1589 4018 passim
1630 3929 1755 4012 egit
1799 3928 1879 3990 de
1930 3927 2166 3989 Cleone
2212 3927 2429 3990 dema-

367 4060 530 4121 gogo
579 4038 813 4116 (Schol,
856 4037 940 4099 ad
981 4037 1294 4121 A1ist0ph.
1337 4038 1454 4121 Eq.
1499 4057 1642 4117 404.
1652 4040 1705 4115 ),
1750 4036 1829 4097 de
1871 4034 2216 4097 Pandelete
2247 4056 2429 4119 syco-

365 4145 609 4233 phanta
651 4143 848 4224 (Suid.
897 4140 1373 4219 Παντελετείους
1418 4138 1689 4227 γνώμας.
1731 4141 1943 4206 Schol.
1985 4142 2066 4205 ad
2106 4140 2422 4226 Aristoph.
