3119 5087
1531 457 1820 531 -90
1918 485 2020 505 ---

758 660 1044 726 pressum
1087 646 1197 700 aut
1245 642 1622 724 corrupt‘um
1665 642 2011 704 existimare
2052 642 2218 717 velis.
2318 643 2483 705 Tota
2540 665 2642 706 res
2684 655 2814 709 tam

765 742 1032 809 difficilis
1075 756 1170 808 est
1211 755 1276 808 et
1316 747 1573 811 diversis
1618 750 2011 810 diversorum
2051 750 2422 811 testimoniis
2454 751 2814 831 obscurata,

763 863 838 914 ut
878 854 1180 929 dubitem,
1231 853 1385 936 quin
1429 853 1652 938 aliquis
1697 853 1982 916 discussis
2029 856 2272 916 nebulis
2302 856 2443 918 luce
2473 858 2618 919 satis
2646 858 2817 919 clara

756 956 931 1021 ⁴hane
992 959 1486 1043 disquisitionem
1546 960 1837 1023 illustret.
1943 961 2108 1021 Nihil
2170 984 2317 1022 sane
2374 973 2506 1026 tam
2562 964 2819 1026 difficile

769 1077 881 1145 est,
925 1067 1078 1151 quin
1121 1067 1485 1149 quaerendo
1526 1068 1723 1150 possit
1771 1068 2163 1150 investigari;
2207 1068 2331 1129 hoc
2373 1079 2667 1152 tempore
2696 1069 2821 1129 dis-

770 1181 993 1255 ruptus
1055 1174 1136 1233 sit
1174 1171 1399 1252 noduS,
1443 1173 1567 1234 alio
1607 1174 1870 1235 fortasse
1914 1174 2207 1236 solvetur.
2309 1175 2611 1257 Eupolim
2649 1197 2825 1235 mor-

770 1290 955 1339 tuum
1015 1300 1145 1340 esse
1206 1300 1418 1340 versus
1481 1281 1673 1341 finem
1722 1280 1878 1342 belli
1910 1280 2429 1364 Peloponnesiaci
2475 1291 2826 1342 assecutum

772 1384 1060 1444 nondum
1126 1395 1396 1448 aetatem
1457 1387 1639 1446 nimis
1695 1396 2088 1470 provectam,
2149 1387 2507 1448 testimonia
2550 1387 2829 1446 chrono-

775 1493 980 1577 logica
1021 1502 1310 1555 veterum
1351 1494 1749 1554 confirmant.
1811 1493 2061 1554 Floruit
2102 1493 2268 1554 enim
2308 1493 2479 1553 circa
2503 1493 2831 1576 Olympia-

779 1598 925 1659 dem
985 1599 1474 1682 octoagesimam
1533 1609 1821 1661 octavam
1881 1609 1947 1661 et
2002 1599 2240 1661 iuvenis
2298 1598 2533 1659 dieitur
2586 1598 2828 1660 fabulas

781 1704 1067 1766 docuisse
1112 1705 1178 1764 in
1222 1725 1429 1765 scena.

945 1813 1375 1894 Interpretum
1411 1809 1740 1893 Eupolidis
1784 1809 1988 1871 nullus
2018 1821 2554 1872 commemoratur
2576 1820 2832 1895 praeter

782 1917 1118 1994 Galenum,
1179 1917 1290 2000 qui
1346 1938 1412 1979 se
1472 1916 1669 1977 libros
1731 1925 1860 1978 tres
1908 1915 2035 1979 τῶν
2075 1918 2221 1999 παρ’
2259 1910 2560 1981 Εὐπόλιδι
2595 1921 2834 1978 πολιτι-

785 2023 914 2085 κῶν
954 2015 1279 2102 ὄνομάτων
1325 2022 1752 2106 composuisse
1797 2022 1930 2105 ipse
1976 2031 2245 2085 testatur
2300 2026 2426 2099 (De
2467 2022 2644 2084 libris
2683 2044 2837 2106 pro-

782 2131 937 2214 priis
981 2129 1044 2190 in
1090 2131 1196 2190 fin.
1241 2129 1381 2191 Ed:
1406 2129 1511 2190 lat.
1551 2128 1737 2190 Basil.
1779 2130 1855 2190 T.
1900 2129 1947 2191 Ι.
1988 2150 2053 2213 p.
2098 2129 2252 2209 50.).
2393 2114 2402 2123 Ἀ

952 2237 1022 2297 Iu
1076 2256 1369 2298 sermone
1419 2236 1751 2320 Eupolidis
1793 2258 2019 2320 magna
2063 2235 2451 2319 conspicitur
2489 2236 2602 2312 vis»,
2645 2234 2838 2296 subli-

787 2344 967 2404 mitas
1026 2353 1092 2405 et
1144 2345 1640 2428 magnificentia3
1699 2344 2068 2404 imitabatur
2127 2342 2478 2419 Cratinum,
2535 2341 2624 2402 ita
2663 2363 2837 2417 vero,

788 2459 862 2510 ut
904 2449 1035 2510 eius
1081 2451 1478 2511 atrocitatem
1520 2460 1587 2511 et
1633 2448 1697 2509 in
1741 2448 2164 2510 conviciandis
2204 2449 2679 2510 Atheniensium
2704 2470 2839 2508 mo-

786 2551 964 2617 ribus
1007 2558 1408 2619 severitatem
1466 2555 1899 2639 (τὸ..λοι’δορον
1939 2555 2046 2620 καί
2093 2555 2333 2639 σκαιόν)
2375 2557 2527 2616 iocis
2567 2556 2841 2618 multifa-

791 2663 900 2724 riis
947 2673 1013 2725 et
1040 2662 1309 2725 ridendo
1349 2662 1679 2746 paululum
1708 2663 1958 2742 leniret,
1983 2684 2288 2746 suumque
2317 2662 2628 2745 impetum
2649 2661 2717 2722 in
2750 2661 2842 2720 vi·-

791 2791 897 2831 ros
952 2770 1416 2854 potentissimos
1477 2770 1902 2831 imminueret.
2007 2769 2361 2852 Propterea
2418 2789 2659 2828 summa
2701 2789 2844 2827 cum

793 2876 1124 2959 voluptate
1172 2875 1542 2937 comoediae
1584 2854 2040 2937 lectitabantur
2079 2881 2266 2959 atque
2306 2874 2675 2937 Ptolemaeo
2718 2873 2847 2934 He-

790 2982 1174 3065 phaestionis
1217 2981 1346 3042 filio
1387 2991 1548 3044 teste
1590 2983 1976 3066 suppositam
2017 2982 2214 3057 capiti.
2227 2981 2556 3064 Eupolidis
2592 3000 2851 3042 comoe-

795 3088 986 3165 diam,
1032 3110 1194 3171 quae
1227 3083 1706 3172 ιΥβριστοὸίκοιι
1746 3088 2230 3167 inscribebatur,
2270 3088 2591 3171 Ephialtes
2621 3085 2848 3146 nobilis

792 3195 1210 3273 Atheniensis„
1256 3217 1405 3257 cum
1444 3205 1830 3275 moreretur,
1878 3195 2169 3258 habuisse
2213 3195 2445 3257 dicitur
2483 3194 2699 3274 (Phot.
2744 3195 2852 3251 Bi·-

793 3301 1019 3363 blioth.
1081 3306 1214 3366 151.
1275 3324 1333 3363 a.
1398 3324 1493 3365 ιι.
1552 3301 1654 3368 ed.
1693 3301 2007 3379 Bekker.).
2104 3303 2310 3363 Porro
2346 3322 2562 3364 versus
2606 3292 2852 3361 Horatii

799 3408 928 3468 Sat.
976 3409 1055 3468 11.
1104 3414 1162 3472 3.
1213 3431 1306 3471 ιι.
2629 3415 2636 3430 “

702 3489 709 3504 ¹
962 3514 1285 3590 Quorsum
1322 3516 1633 3598 pertinuit
1673 3514 1907 3599 stipare
1948 3515 2216 3575 Platona
2258 3513 2634 3590 Menandro,

958 3620 1258 3703 Eupolin‚
1297 3622 1772 3699 Archilochum,
1817 3623 2076 3683 comites
2123 3622 2397 3684 educere
2442 3620 2692 3682 tantos?

799 3726 1157 3788 luculenter
1200 3727 1656 3805 demonstrant,
1682 3739 1947 3812 quantus
1969 3729 2163 3790 fuerit
2188 3739 2404 3789 noster
2430 3738 2640 3809 poeta,
2670 3748 2862 3808 quem

798 3842 1065 3915 propter
1119 3835 1440 3895 classicam
1503 3836 1870 3919 dignitatem
1929 3836 1994 3897 in
2037 3836 2367 3897 comoedia
2411 3836 2665 3918 antiqua
2707 3854 2865 3916 prae

803 3939 1030 3999 ceteris
1095 3939 1337 4001 clarum
1400 3941 1651 4005 exhibet
1709 3953 1903 4026 poeta
1954 3942 2332 4018 VenusinuS,
2391 3943 2480 4002 ita
2534 3951 2746 4002 tamen
2792 3948 2871 3998 ut

803 4052 1013 4104 tantos
1053 4048 1313 4107 comites
1357 4069 1485 4108 non
1535 4048 1614 4110 de
1660 4070 1884 4110 eorum
1930 4050 2147 4132 amplis
2187 4048 2633 4126 voluminibuS‚
2674 4071 2872 4131 quam

802 4151 1011 4237 potius
1060 4150 1141 4214 de
1181 4153 1402 4239 insigni
1449 4156 1825 4220 auctoritate
1868 4156 2220 4243 intelligere
2261 4157 2571 4221 videatur.
2679 4158 2876 4224 Prio—
