3119 5087
1101 387 1591 459 ...69-

309 599 416 640 τον
456 572 670 641 κακόν.
753 576 1025 658 interpr.
1072 573 1153 647 ad
1190 573 1351 635 Poll.
1398 573 1538 636 VII.
1582 572 1744 657 69.),
1776 565 2114 659 Δερῥῖφιοι
2139 575 2371 655 (Schol.

310 685 392 745 ad
432 681 750 767 Aristoph.
791 683 952 747 Nuh.
998 684 1203 765 687.)‚
1247 681 1312 741 in
1358 679 1617 741 diversis
1661 679 2020 741 nominibus
2053 680 2174 743 viri
2203 681 2378 744 docti

308 812 498 873 saepe
545 789 820 852 diversas
868 768 1111 849 Cratini
1171 786 1534 848 comoedias
1580 785 1850 848 inveniri
1888 782 2374 858 arbitrarentur,

312 897 653 975 Quomodo
725 917 909 959 error
976 904 1152 955 ortus
1208 893 1287 954 sit
1348 895 1413 954 in
1475 893 1807 955 comoedia
1839 885 2113 978 Ἐρίφιοι
2152 895 2379 969 inscri—

308 1002 543 1080 benda,
607 1001 793 1063 facile
857 1023 1186 1085 possumus
1242 1000 1596 1084 intelligere
1660 1023 1732 1062 ex
1790 1002 1933 1062 loco
1979 1001 2275 1084 Hesychii
2315 1024 2375 1062 v.

238 1172 247 1185 ,
309 1109 525 1193 Γραῦς
567 1098 847 1192 Ἔριφος,
885 1109 995 1169 ubi
1042 1107 1398 1168 litterarum
1437 1107 1693 1190 Eprior
1716 1108 2140 1192 posteriorem
2175 1130 2379 1171 enun-

312 1216 587 1276 ciatione
635 1213 887 1298 delevit.
969 1212 1337 1296 Legendum
1379 1223 1472 1275 est
1515 1213 1578 1275 Γ
1572 1194 1727 1298 ῥαῦς
1767 1211 2058 1299 Σέριφος,
2103 1228 2175 1279 ut
2198 1225 2377 1280 recte

311 1324 514 1385 habet
574 1320 822 1398 suidam,
883 1319 1054 1381 unde
1095 1318 1439 1404 Hesychius
1484 1320 1933 1382 emendanda&
2020 1322 2149 1402 Qui
2195 1344 2379 1385 erro-

311 1442 452 1494 re'm
492 1450 622 1489 non
665 1426 1270 1504 animadverterunt,
1321 1425 1577 1488 titulum
1619 1437 1871 1496 nostrae
1902 1429 2153 1493 fabulae
2180 1428 2380 1491 latine.¹

313 1534 596 1611 reddunt
652 1531 845 1593 modo
930 1533 1211 1613 Virgines
1264 1534 1492 1595 vetulae
1546 1533 1740 1595 modo
1797 1536 2024 1598 Hoedi.
2132 1536 2378 1596 Cratini

316 1640 651 1704 comoedia
696 1660 929 1701 nomen
976 1638 1150 1700 duxit
1194 1661 1231 1700 a
1269 1638 1565 1724 Seripho,
1615 1640 1694 1702 de
1738 1664 1865 1725 qua
1906 1639 2252 1702 Scholiasta
2296 1642 2379 1703 ad

312 1746 945 1817 PlatonisfPolitiam
1007 1747 1054 1806 Ι.
1114 1765 1254 1827 4ιο.
1307 1748 1384 1806 G.
1425 1746 1585 1841 haec
1630 1746 1815 1808 dicit:
1860 1744 2150 1832 Σέριφος,
2184 1748 2378 1828 νῆσος

313 1854 434 1935 μία
486 1855 616 1923 τῶν
663 1848 1016 1916 Κυκλάδων
1073 1851 1183 1915 καί
1233 1848 1418 1927 πόλις
1479 1851 1547 1916 ἐν
1607 1846 1787 1940 αὐτῇ·
1847 1851 1909 1917 οἱ
1963 1853 2034 1918 δὲ
2070 1853 2136 1932 ἐξ
2182 1848 2378 1937 αὖτῆς

311 1961 619 2046 Σερίφιοι,
648 1964 846 2025 unde
904 1965 1176 2048 genuina
1234 1946 1564 2049 inscriptio
1632 1976 1898 2051 apparet
1937 1966 2241 2054 Σερίφιοι,
2297 1967 2379 2031 ad

317 2092 509 2153 quam
551 2070 894 2132 revocandi
938 2081 1002 2132 et
1051 2071 1427 2133 emendandi
1469 2082 1614 2134 sunt
1653 2073 1883 2157 reliqui
1917 2073 2044 2135 loci
2067 2076 2375 2161 corrupti.

318 2176 609 2239 Eandem
686 2199 900 2238 veram
979 2177 1318 2238 lectionem
1373 2180 1708 2240 confirmat
1767 2180 1990 2242 Suidas
2049 2174 2374 2265 Ἀμοργοί.

314 2285 480 2348 Poll.
535 2285 672 2347 Vn.
709 2269 831 2366 ⁸69.
886 2286 967 2344 X.
1020 2289 1154 2348 156.
1202 2283 1538 2368 Hephaest.
1588 2283 1847 2345 Euchir.
1890 2309 1954 2368 p.
1998 2289 2097 2368 89.
2141 2291 2198 2349 8.
2247 2289 2379 2349 He-

315 2391 488 2476 sych.
537 2387 1317 2474 Διονυσοκουροπυρώνην.
1358 2390 1542 2452 Phot.
1594 2394 1739 2455 Lex.
1779 2389 2117 2476 Σταθϊρόν.
2196 2398 2377 2458 Τελε-

314 2498 571 2563 νικιᾝσαι
622 2498 890 2562 Bekker.
941 2491 1180 2561 Anecd.
1251 2521 1341 2583 gr.
1401 2522 1465 2583 Ρ.
1525 2502 1628 2578 85,
1690 2518 1748 2564 2.
1807 2519 1951 2598 444
2000 2506 2096 2565 16.
2178 2503 2376 2566 Recte

316 2606 738 2683 Hermannus‚
782 2628 929 2666 cum
970 2606 1382 2667 Scholiastam
1426 2606 1507 2668 ad
1532 2607 1984 2691 Aristophanis
1992 2609 2199 2671 Nubes
2224 2607 2377 2673 ede-

315 2722 420 2774 ret
477 2712 542 2772 in
610 2734 798 2774 versu
838 2717 977 2795 687.
964 2756 1002 2790 .,
1048 2712 1158 2773 ubi
1200 2708 1456 2796 Κράτης
1497 2712 1566 2775 ἐν
1615 2706 1980 2799 Δερῥιφίοις
2022 2716 2374 2799 legebatur,
2472 2775 2478 2784 ,

316 2821 632 2903 Κρατῖνος
687 2818 756 2882 ἐν
807 2815 1121 2903 Σεριφίοις
1181 2819 1457 2903 imprimi
1517 2821 1800 2898 curabat,
1866 2830 1939 2881 ut
2003 2821 2132 2883 iam
2188 2833 2375 2885 antea

319 2925 727 2990 emendatum
787 2935 925 2987 erat
982 2947 1017 2988 e
1077 2925 1288 2989 Schol.
1340 2926 1420 2986 ad
1472 2925 1662 3010 Vesp.
1724 2945 1818 3009 74.
1926 2928 2232 2989 Fabulam
2294 2929 2414 2992 de·

313 3034 551 3094 Perseo
602 3056 638 3093 a
676 3031 879 3117 poetis
919 3032 1111 3117 epicis
1156 3043 1220 3094 et
1258 3033 1510 3116 tragicis
1568 3034 1714 3098 satis
1757 3034 2142 3095 celebratam
2180 3056 2377 3117 paro-

296 3136 424 3201 ‘dia
482 3138 698 3202 lusisse
757 3150 822 3201 et
880 3162 951 3200 ex
1007 3137 1226 3210 incolis
1286 3139 1546 3216 insulae,
1605 3139 1685 3200 ad
1746 3162 1934 3223 quam
1986 3142 2373 3224 pertinebat,

317 3244 588 3307 chorum
642 3245 1034 3306 constituisse
1089 3244 1343 3308 videtur
1403 3245 1693 3308 Cratinus
1744 3246 1811 3306 in
1853 3244 1974 3306 hac
2017 3247 2372 3326 comoedia,

317 3373 481 3434 quae
539 3351 688 3416 inde
747 3349 1186 3434 Seriphiorum
1242 3372 1473 3413 nomen
1528 3352 1812 3436 haccepit.
1900 3354 2133 3416 Fontes
2156 3429 2162 3438 ³
2187 3354 2374 3420 huius

314 3459 599 3536 fabulae,
660 3460 768 3542 qui
828 3458 1004 3521 adire
1067 3458 1263 3541 cupit,
1310 3457 1485 3519 locos
1549 3458 1838 3519 classicos
1894 3458 2159 3522 habebit
2202 3464 2372 3546 apud

314 3564 664 3627 Hesiodum
699 3566 760 3626 in
809 3563 1134 3648 Theogon.
1172 3586 1333 3649 ²70·2
1380 3566 1443 3625 in
1473 3565 1667 3625 Scuto
1717 3564 2009 3628 Herculis
2048 3575 2208 3645 223„
2271 3592 2372 3652 ap.

316 3671 755 3754 Pherecydem
797 3694 833 3731 a
873 3672 1085 3748 Schol.
1133 3672 1213 3732 ad
1253 3672 1589 3755 Appollon.
1633 3672 1837 3735 Rhod.
1878 3673 2223 3756 Argonaut.
2262 3677 2369 3738 IV.

320 3782 500 3845 1515.
550 3777 897 3855 laudatum,
954 3777 1415 3861 Apollodorum
1469 3778 1534 3839 in
1596 3778 1897 3839 Biblioth.
1961 3781 2036 3841 ΙΙ.
2088 3801 2142 3842 c.
2197 3801 2260 3859 24.
2309 3792 2375 3844 et

315 3886 638 3970 Heynium
695 3885 760 3945 in
825 3886 1008 3947 Ohss.
1063 3909 1127 3969 Ρ
1193 3892 1327 3950 123.
1391 3908 1547 3970 sqq„
1609 3885 1987 3970 Aeschylum
2033 3885 2111 3947 in
2157 3888 2375 3954 fabula

320 3988 630 4077 Φορκίδες
683 3993 986 4077 inscripta
1037 3994 1139 4071 (cf.
1197 3994 1635 4058 Welck'erum:
1677 3992 1916 4055 Ueber
1946 3993 2046 4057 die
2091 3996 2371 4080 Trilogie

320 4098 428 4168 des
486 4098 900 4172 Ριοιηειὴειιε
957 4124 1020 4188 Ρ.
1067 4101 1242 4189 279)
1301 4110 1366 4168 et
1403 4100 1468 4182 in
1510 4101 1893 4170 Prometheo
1931 4101 2143 4171 vincto
2190 4123 2370 4193 7920,
