3119 5087
1079 434 1563 505 ...Β-7....-

286 614 476 676 fuisse
524 611 794 695 negabat
831 610 1218 676 doctissimus
1260 613 1373 677 ille·
1416 624 1480 677 et
1519 610 1939 696 plurimarum
1982 606 2345 692 disciplina-

290 742 443 781 rum
482 718 848 804 cognitione
891 719 1155 805 maxime
1195 719 1428 782 tinctus
1471 715 1935 802 grammaticus,
1973 714 2349 776 Eratosthe-

290 849 426 905 nes,
468 836 741 889 testante
790 825 1100 888 Cicerone
1146 829 1282 909 (ep.
1329 824 1412 887 ad
1450 824 1731 889 Atticum
1751 822 1859 887 VI.
1894 823 2011 902 L),
2048 809 2178 906 qui,
2205 842 2354 882 cum

292 933 377 994 de
416 920 660 995 ¹erratis
720 931 786 993 in
843 932 1105 995 historia
1162 932 1623 1007 communibuS,
1686 939 1991 1014 quatenus
2031 927 2355 1011 publicam

294 1037 381 1116 de
420 1054 638 1101 rerum
681 1046 912 1102 eventu
955 1038 1322 1121 opinionem
1364 1038 1684 1101 interdum
1719 1044 1976 1102 servant
2018 1044 2084 1096 et
2121 1054 2360 1117 propa-

292 1155 471 1231 gant,
518 1145 815 1237 disputat,
855 1148 1054 1230 iisque
1088 1148 1367 1209 Graecos
1405 1168 1534 1207 non
1567 1146 1842 1208 caruisse
1881 1148 2184 1232 exemplis
2205 1167 2363 1230 pro·
2449 1202 2450 1207 ,

301 1253 460 1314 bare
505 1252 735 1330 studet,
775 1253 902 1315 hoc
940 1253 1184 1315 illustre
1234 1253 1665 1315 testimonium
1702 1254 2035 1317 nobiscum
2076 1273 2365 1316 commu-

304 1359 515 1421 nicat:
562 1362 710 1442 Quis
750 1363 906 1422 em‘m
949 1381 1073 1425 non
1092 1361 1585 1444 dzlaeit,Eupolim
1623 1361 1761 1424 ‘cdv
1799 1359 1946 1441 τῆς
1990 1354 2295 1444 ἀρχαία
2313 1381 2365 1433 ς,

306 1467 391 1528 ab
432 1466 752 1528 Alcibiade
793 1468 1116 1548 navigante
1164 1471 1231 1529 in
1263 1465 1541 1529 Siciliam
1579 1467 1872 1529 deiectum
1902 1490 2022 1528 esse
2049 1469 2115 1528 in
2145 1487 2317 1527 mare
2334 1467 2367 1525 ἒ

212 1594 225 1607 “
308 1572 654 1653 Redarguit
712 1572 1139 1634 Eratosthenes·
1154 1598 1178 1632 .-
1251 1575 1454 1655 affirt
1510 1576 1689 1651 enim,
1747 1593 1902 1657 quas·
1957 1574 2053 1633 ille
2107 1586 2246 1656 post
2302 1572 2376 1632 id

306 1692 539 1761 tempus·
558 1678 826 1757 fabulas
854 1679 1149 1740 docuerit.
1211 1680 1373 1740 Num
1406 1681 1637 1741 idcirce
1668 1682 1859 1741 Duris
1892 1680 2155 1755 Samius,
2192 1680 2372 1739 homo

311 1788 380 1845 in
418 1786 684 1846 historia
738 1784 1011 1865 diligens,
1068 1784 1237 1868 quod
1273 1809 1409 1847 cum
1444 1787 1645 1847 multis·
1679 1788 1948 1864 err-mit,
1982 1785 2280 1847 irridetur
2294 1787 2372 1846 ?“

315 1893 530 1968 Quam
599 1890 784 1952 tritus
842 1892 1040 1953 fuerit
1098 1913 1284 1953 error
1338 1892 1403 1952 in
1466 1892 1590 1954 hac
1636 1891 2003 1955 narratione
2046 1891 2377 1971 servanda,

314 2021 351 2060 e
400 1998 714 2059 Cicerone
758 1998 998 2080 optime
1042 1997 1341 2081 colligere
1385 2020 1739 2081 possumus,
1778 2022 1985 2084 neque
2002 2001 2381 2080 {mirandum

314 2125 453 2167 esse
520 2103 823 2183 existimo,
877 2106 1048 2188 quod
1105 2116 1334 2194 poetae
1378 2116 1443 2166 et
1482 2107 1878 2189 grammatici
1922 2107 1987 2167 in
2031 2107 2154 2168 hac
2194 2109 2384 2168 fabu-

316 2212 454 2287 losa
493 2221 701 2272 morte
746 2192 1231 2295 epigrammatiS‚
1274 2213 1505 2296 quibus
1546 2212 1723 2273 locus
1766 2235 1957 2296 supra
1998 2213 2221 2274 allatus
2263 2235 2385 2296 po-

312 2327 443 2378 test
503 2317 909 2381 adnumerari
969 2318 1228 2405 aliisque
1267 2318 1579 2403 poematis
1623 2318 2042 2380 describenda
2082 2318 2385 2401 varieque

320 2423 686 2488 exornanda
746 2424 865 2485 sihi
930 2424 1273 2487 admodum
1315 2425 1695 2509 placuerint.
1780 2427 1920 2487 Non
1957 2424 2127 2487 facio
2170 2434 2386 2486 tamen

314 2554 470 2595 cum
511 2530 986 2616 interpretibus,
1026 2533 1137 2617 qui
1180 2532 1352 2617 apud
1394 2532 1697 2597 Ovidium
1737 2532 1805 2594 in
1847 2532 1943 2594 lbi
1988 2536 2107 2617 527
2151 2541 2218 2594 et
2267 2537 2388 2615 693

315 2637 713 2703 mentionem
755 2638 896 2700 fieri
938 2636 1266 2721 Eupolidis
1307 2639 1723 2718 arbitrantur,
1768 2660 1917 2701 cum
1957 2640 2129 2702 canit
2155 2649 2388 2724 poeta:

492 2744 663 2808 Utve
704 2744 879 2829 lyrae
922 2753 1094 2806 vates
1133 2746 1341 2809 fertur
1373 2746 1634 2830 periisse
1680 2766 1941 2809 severae

569 2852 773 2913 Causa
815 2851 897 2915 sit
930 2851 1103 2914 exitii
1149 2851 1404 2915 dextera
1441 2853 1622 2916 laeva
1661 2852 1781 2914 tui.

328 2969 398 3021 ct
432 2957 624 3042 paulo
668 2958 928 3021 inferius
952 2984 969 3019 z
1334 2951 1337 2954 ¹

496 3064 789 3128 Comicus
810 3053 896 3126 'ut
937 3063 1157 3127 mediis
1199 3066 1412 3149 periit,
1459 3064 1611 3128 dum
1651 3067 1845 3130 nabat
1885 3065 1952 3127 in
2001 3065 2185 3127 undis

469 3193 475 3199 ·
571 3173 657 3234 Et
694 3182 805 3234 tua
826 3205 829 3214 ·
849 3173 938 3233 sic
982 3171 1271 3256 Stychius
1317 3174 1667 3254 strangulat
1707 3196 1818 3234 ara
1859 3173 2088 3257 liquor.

234 3315 241 3320 -
325 3282 455 3341 Res
484 3279 672 3339 ‘enim
716 3277 803 3370 ad
845 3278 1156 3362 liquidum
1190 3277 1459 3361 perduci
1491 3280 1733 3363 nequit,
1776 3301 1922 3341 cnm
1952 3280 2142 3362 multi
2166 3291 2395 3364 poetae

329 3385 641 3447 submersi
684 3381 970 3447 interisse
1019 3385 1480 3469 perhibeantur
1505 3388 1703 3450 veluti
1727 3389 2101 3471 Menander,
2131 3392 2395 3454 Sotades

331 3487 595 3567 (Athen.
657 3491 857 3555 XIV„
884 3515 948 3575 p.
1009 3495 1180 3571 621.)
1231 3493 1358 3572 alii,
1396 3488 1512 3557 nos
1550 3516 1708 3559 vero
1750 3499 2124 3578 nesciamuS,
2170 3519 2394 3584 quem—

330 3621 484 3668 ‚nam
527 3598 826 3681 respiciat
869 3599 1154 3661 Ovidius.
1635 3603 1642 3610 '

498 3705 1018 3772 Narratiunculae
1077 3705 1436 3769 huiusmodi
1496 3729 1535 3768 a
1589 3707 2070 3792 quibuscunque
2113 3717 2401 3784 exaratae

336 3812 548 3896 primo
593 3811 804 3873 statim
845 3809 1074 3875 obtutu
1115 3814 1212 3876 rei
1255 3814 1567 3898 integram
1611 3813 1803 3878 fidem
1843 3824 2222 3898 suspectam.
2248 3814 2400 3876 red-'-

338 3917 522 3994 dunt,
567 3920 835 3984 maxime
875 3942 1021 3982 cum
1062 3901 1286 3981 in'hae
1326 3915 1539 3982 nostra
1587 3921 2120 3984 commentatione
2150 3944 2402 3990 comoe-

341 4026 482 4088 diae
528 4027 825 4109 antiquae
866 4027 1069 4089 libera
1110 4029 1498 4106 constitutiO,
1546 4029 1856 4092 effrenata
1892 4028 2150 4100 licentia
2176 4040 2241 4091 et
2266 4031 2403 4090 ani-

341 4154 480 4197 mus
542 4133 1121 4217 potentissimorum
1192 4136 1611 4217 Graecorum,
1701 4134 1810 4223 qui
1892 4134 2075 4219 sicuti
2138 4135 2401 4203 Periclis
