3119 5087
1507 415 1993 495 -τ-44--9

884 601 1282 686 Πολυᾶειρὰς
1339 609 1434 667 est
1480 602 1548 664 id
1593 606 1767 688 quod
1805 588 2254 734 πολυκᾶρηνος,
2341 601 2530 694 quod
2559 607 2794 673 ordine·-

724 716 828 771 ret
886 730 1034 770 cum
1091 709 1277 770 simili
1328 712 1640 773 vocabulo
1680 709 2097 798 ὖψικὰρηνος,
2135 716 2201 776 in
2246 715 2495 801 Hymno
2540 718 2623 779 ad
2663 719 2794 782 Ve-

725 836 947 894 nerem
987 838 1047 876 v·
1094 819 1235 880 265.
1281 817 1363 879 de
1402 821 1765 904 quercubus
1807 833 2133 906 usurpato,
2180 834 2253 886 ut
2287 823 2663 909 intelligitur
2722 845 2824 891 ex.

735 920 931 983 Iliade
973 945 1035 1000 α,
1083 942 1182 1002 44.

885 1027 990 1109 Βῆ
1035 1026 1106 1090 δὲ
1146 1032 1283 1092 κατ’
1328 1023 1696 1112 Οὖλῦμποιο
1744 1029 2028 1116 καρήνων
2064 1068 2149 1085 --

727 1134 809 1195 cf.
852 1137 916 1214 β,
965 1138 1102 1217 ι67.
1149 1137 1207 1214 ὃ,
1251 1156 1349 1216 74.
1397 1162 1458 1218 η,
1506 1162 1601 1221 ¹9·
1636 1162 1703 1220 χ,
1756 1144 1890 1222 ι87.
1935 1163 2008 1217 ω,
2064 1159 2199 1207 121.

892 1247 1035 1308 Huc
1075 1254 1318 1329 spectat
1359 1246 1676 1315 sententia
1715 1246 2073 1322 Teleclidis,
2133 1246 2242 1330 qui
2276 1247 2560 1328 κεφαλὴν
2601 1243 2788 1306 Peri-

731 1354 843 1416 clis
886 1349 1310 1417 ἓνδεκάκλινον
1347 1361 1556 1430 vocat,
1606 1352 1779 1435 quod
1816 1353 2079 1435 proprie
2121 1361 2215 1413 est
2273 1350 2571 1412 undecim
2618 1351 2795 1412 lectis

730 1462 1132 1537 instructum,
1174 1457 1300 1520 hoc
1333 1457 1477 1519 loco
1514 1468 1712 1541 cap'ut·
1738 1459 2046 1542 significat
2076 1457 2377 1521 undecies
2402 1457 2798 1518 inclinatum.

736 1569 810 1629 In
854 1567 1130 1651 Olympo
1186 1563 1477 1626 habitant
1523 1563 1611 1625 dii
1655 1564 1825 1647 apud
1864 1564 2215 1625 Homerum
2256 1564 2321 1624 in
2367 1564 2584 1647 primis
2634 1564 2801 1635 Ζεῦς

732 1674 926 1736 modo
966 1666 1386 1753 ὑψιβρεμέτης
1426 1669 1684 1754 (Odyss.
1727 1694 1788 1746 ε,
1817 1688 1877 1749 4.
1930 1671 2000 1735 11.
2038 1688 2101 1748 α,
2127 1674 2291 1750 354),
2334 1669 2525 1731 modo
2560 1667 2803 1756 ἐριβρε-

733 1778 924 1862 μέτης
971 1779 1078 1859 (ΙΙ.
1119 1799 1176 1853 ν,
1219 1780 1411 1853 621.),
1456 1786 1520 1837 et
1562 1769 2004 1858 ἀστεροπητὴς,
2048 1777 2156 1856 (Il.
2203 1800 2265 1854 α,
2303 1780 2474 1859 609.;
2515 1779 2578 1856 β,
2620 1780 2799 1845 353.;

739 1910 800 1970 ρ,
844 1890 1011 1968 595),
1069 1886 1179 1969 qui
1237 1884 1403 1947 coeli
1440 1881 1762 1968 fragorem
1805 1884 1939 1945 edit
1982 1894 2049 1945 et
2089 1884 2339 1967 fulgura
2380 1883 2694 1944 iaculatur
2734 1884 2800 1943 in

735 2004 1015 2064 terram3
1059 2001 1278 2053 noster
1318 2012 1575 2074 quoque
1606 1992 1889 2074 Iuppiter
1915 1991 2309 2053 Atheniensis
2336 1992 2403 2051 iu
2433 2012 2546 2052 suo
2580 1991 2803 2074 Olym-

735 2121 823 2183 po
884 2098 1207 2161 interdum
1259 2099 1582 2182 fragorem
1637 2099 1966 2175 excitabat,
2031 2118 2220 2183 quem
2279 2098 2527 2183 egregie
2569 2107 2834 2191 poetae·⁴

741 2204 973 2266 comici
1013 2214 1247 2267 vocant
1282 2199 1583 2288 θόρυβον,
1646 2205 2102 2269 tumultuosum
2144 2207 2488 2285 clamorem
2530 2227 2567 2266 a
2606 2208 2804 2289 θορυ-

737 2316 891 2395 βεῖν,
947 2334 1094 2373 cum
1162 2312 1441 2374 clamore
1481 2311 1878 2388 tumultuari,
1937 2312 2249 2382 vocabulo
2307 2334 2343 2374 e
2387 2311 2630 2395 vulgari
2669 2333 2805 2371 ser-

738 2441 930 2483 mone
991 2418 1184 2479 ducto
1241 2416 1587 2501 (Aristoph.
1629 2416 1903 2478 Acharn.
1947 2422 2062 2497 545
2113 2427 2178 2480 et
2218 2418 2432 2479 Schol.
2476 2417 2556 2479 ad
2596 2417 2661 2479 h.
2712 2419 2802 2494 1.).

737 2523 1191 2608 Aristophanes
1247 2547 1395 2586 cum
1446 2525 1512 2585 in
1572 2523 2079 2586 Acharnensibus
2132 2528 2272 2609 529.
2313 2525 2558 2588 furtum
2594 2547 2806 2588 mere-

739 2635 974 2695 tricum
1015 2631 1413 2714 exposuisset,
1456 2631 1582 2691 hoc
1623 2631 1814 2691 modo
1857 2631 2097 2714 pergit:

894 2734 1211 2803 Ἐντεῦθῑν
1254 2730 1411 2821 ὄρνῇ
1454 2734 1811 2820 Πηρικλέης
1852 2731 2205 2816 ὃῦλύμπιος

901 2837 1268 2928 ἤστραπτεν,
1311 2835 1599 2926 ἐβρόντα,
1646 2838 1942 2918 ξυνεκύκα
1979 2841 2093 2924 τῆν
2120 2838 2398 2907 ζΕλλάδα

905 2951 1100 3018 ἐτιθτι
1143 2951 1396 3043 νόμους,
1443 2977 1651 3040 ωσπερ
1694 2957 1917 3019 σκολιὰ
1948 2953 2428 3041 γεγραμμένους,

912 3056 1000 3136 ὥς
1031 3063 1159 3146 χρὴ
1203 3058 1537 3145 Μοναρέας
1576 3057 1730 3143 μήτε
1773 3061 1875 3147 νῇ
1899 3041 2063 3143 μήτ’
2106 3062 2174 3125 ἓν
2211 3057 2438 3150 ἀγορᾷ»

903 3163 1048 3247 μήτ’
1093 3168 1160 3232 ἐν
1197 3164 1496 3253 θαλάττῃ,
1536 3167 1682 3250 μήτ’
1722 3168 1790 3232 ἐν
1831 3163 2062 3254 ἦπείρω
2101 3166 2326 3248 μένειν.

743 3272 1039 3356 Denique
1105 3273 1187 3336 ad
1257 3273 1417 3337 haec
1478 3275 1692 3337 omnia
1749 3275 2181 3336 confirmanda
2240 3294 2807 3336 commemoremus

748 3371 985 3439 iterum
1049 3379 1375 3463 epitheton
1435 3377 1885 3464 σχινοκέφαλος
1943 3404 1984 3452 ει,
2034 3381 2292 3442 Cratino
2351 3379 2432 3441 ad
2488 3379 2808 3442 Periclem

744 3483 1018 3546 relatum
1070 3485 1291 3564 (Pluts
1326 3487 1555 3549 Pericl.
1604 3509 1660 3549 c.
1708 3491 1851 3564 13.),
1892 3485 1971 3548 de
2014 3473 2139 3570 quo
2178 3488 2599 3570 fragmentum
2643 3486 2813 3547 inte-
2895 3551 2905 3566 ,

745 3609 932 3672 grum
1003 3612 1193 3676 supra
1255 3592 1718 3676 adscripsimuS.
1816 3592 2190 3656 Plutarchus
2252 3595 2319 3654 in
2377 3594 2507 3655 vita
2546 3591 2811 3654 Periclis

746 3718 802 3758 c·
844 3703 903 3762 3.
946 3702 1060 3778 τὴν
1117 3696 1381 3762 σκίλλαν
1434 3698 1589 3760 dicit
1628 3705 1844 3779 σχῖνον
1884 3721 2135 3783 quoque
2178 3698 2529 3769 nominari3
2580 3696 2815 3759 σκίλλα

746 3802 905 3887 quid
961 3805 1042 3865 sit
1091 3806 1331 3889 partim·
1380 3816 1605 3868 notum
1647 3815 1759 3884 est,
1810 3805 2043 3889 partim
2084 3805 2326 3867 discere
2366 3825 2695 3888 possumus
2740 3823 2817 3863 ex

745 3912 1167 3996 Theophrasti
1210 3913 1486 3972 Historia
1525 3912 1795 3995 plantar.
1842 3913 1889 3971 Ι.
1937 3933 1994 3995 7.
2041 3920 2106 3973 et
2151 3934 2250 3976 ιο.
2357 3899 2614 3971 Scilicet
2662 3929 2828 3970 cum-

747 4017 958 4083 scillae
1001 4017 1360 4096 rotundam,
1404 4018 1679 4102 ideoque
1721 4017 1942 4101 capitis
1984 4018 2255 4086 formam
2294 4017 2591 4093 habeant,
2640 4016 2819 4098 opti-

743 4145 974 4209 meque
1035 4146 1179 4193 cum
1204 4129 1209 4138 ’
1234 4124 1501 4188 surculis
1548 4109 1690 4202 illis,
1719 4123 1962 4208 *quihus
2003 4124 2269 4190 Periclis
2314 4127 2505 4210 caput
2548 4121 2818 4185 diffundi
