3119 5087
1026 399 1611 470 .·-63-—

334 550 475 644 ¹Hoc
547 600 702 645 vero
767 584 1199 646 testimonium
1240 606 1476 647 -nirsus
1536 580 1763 646 falsum
1813 593 1910 646 *est
1971 592 2035 646 et
2095 586 2313 647 fictum
2371 602 2408 647 a

328 691 776 772 grammaticis,

499 800 570 858 In
628 797 994 880 fragmentis
1057 818 1128 861 ex
1192 808 1409 859 nostra
1475 797 1691 858 fabula
1751 798 2009 858 servatis
2068 819 2147 858 ne
2209 820 2411 860 unum

334 905 596 990 quidem
630 906 954 966 invenitur
996 905 1351 987 vestigium,
1397 924 1469 966 ex
1511 926 1640 987 quo
1690 904 2023 964 Cratinum
2067 916 2413 968 scommata

334 1012 554 1073 iecisse
615 1011 681 1072 in
749 1012 1040 1095 aequales
1102 1012 1323 1094 aliquis
1380 1011 1701 1072 coniicere
1744 1012 1961 1094 possit,
2006 1013 2157 1094 quin
2200 1013 2411 1095 potius

327 1118 597 1179 omnino
640 1120 1062 1179 confirmatur
1101 1118 1412 1178 sententia
1453 1117 1752 1194 Platonii,
1797 1139 1945 1177 cum
1988 1119 2199 1177 omnia
2241 1116 2413 1201 frag-

335 1235 553 1287 menta
606 1226 688 1285 ad
746 1226 1013 1289 Homeri
1074 1225 1420 1309 Odysseam
1463 1233 1527 1284 et
1572 1223 1831 1307 quidem
1882 1225 1964 1284 ad
2005 1225 2412 1306 rhapsodiam

337 1356 597 1410 nonam,
653 1354 817 1416 ‘luae
859 1331 1139 1392 fabulam
1182 1331 1260 1391 de
1304 1331 1501 1414 Ulyxe
1549 1340 1613 1389 et
1658 1330 1933 1414 Cyclope
1974 1340 2229 1408 tractat,
2290 1353 2412 1415 ,op-

332 1440 489 1501 time
530 1439 773 1523 possint
815 1439 1072 1498 referri.⁴
1165 1436 1510 1519 Singularis
1574 1437 1743 1497 enim
1788 1437 2030 1501 Cratini
2079 1437 2417 1501 character

337 1546 406 1605 in
462 1566 540 1606 eo
598 1545 902 1621 consistit,
967 1543 1140 1627 quod
1195 1543 1260 1604 in
1317 1542 1635 1605 nonnullis
1688 1542 1913 1603 fabulis
1956 1544 2227 1626 parodia
2268 1567 2413 1605 usus

337 1650 501 1712 adeo
547 1652 913 1712 constanter
955 1672 1137 1710 suum
1179 1649 1510 1711 consilium
1544 1650 1974 1733 persequitur,
2000 1660 2071 1711 ut
2097 1651 2419 1734 inde-qui-

337 1759 488 1819 dem
532 1780 763 1841 magna
802 1757 972 1818 inter
1014 1778 1161 1818 eum
1199 1755 1814 1839 Aristophanemque
1858 1757 2185 1819 diversitas
2223 1759 2416 1819 statui

336 1886 529 1947 posse
572 1864 884 1926 videatur.
984 1863 1181 1942 Quod
1214 1884 1370 1927 vero
1405 1863 1660 1924 fabulae
1704 1872 1962 1925 nostrae
2006 1863 2236 1925 chorus
2281 1862 2421 1927 dm-

341 1971 497 2031 nino
545 1962 912 2053 denegatuf
940 1993 976 2030 a
1016 1969 1335 2047 PlatoniO,
1401 1990 1478 2031 eo
1522 1969 1719 2053 magis
1762 1991 2022 2057 movere
2069 1970 2261 2032 debet
2301 1995 2422 2032 no·-

339 2087 539 2138 stram
595 2077 1104 2154 admirationem,
1138 2099 1294 2153 ‚cum
1337 2087 1780 2159 argumentum
1825 2077 2029 2159 ipsum
2071 2101 2226 2160 prae
2265 2079 2419 2139 reli-

341 2184 481 2267 quis
541 2184 630 2245 ita
692 2184 774 2243 sit
814 2193 1273 2267 comparatum,
1317 2192 1390 2257 ut
1430 2183 1737 2265 optimam
1776 2185 2122 2265 praeberet
2165 2186 2420 2267 copiam

341 2290 634 2352 chorum*
673 2289 1104 2351 constituendi
1169 2310 1240 2350 ex
1288 2287 1501 2372 Ulyxis
1538 2288 1755 2365 sociiS,
1820 2312 2094 2371 quorum
2138 2290 2203 2349 in
2248 2293 2423 2374 frag-

339 2398 570 2458 mentis
631 2397 803 2480 apud
857 2395 1190 2458 Pollucem
1244 2395 1354 2457 VI.
1411 2399 1510 2459 68.
1573 2394 1831 2472 (Athen.
1871 2387 1985 2455 IX.
2024 2420 2088 2480 p.
2134 2398 2275 2459 385.
2322 2398 2415 2473 C.)

346 2515 416 2568 et
453 2503 992 2587 Hephaestionem
1035 2501 1321 2581 (Euchir.
1367 2524 1430 2585 p.
1478 2521 1579 2582 47.
1631 2503 1721 2582 ι..)
1766 2502 2022 2563 servatis
2052 2503 2291 2565 mentio
2323 2505 2418 2576 fit,

345 2634 495 2672 eum
554 2612 620 2671 in
675 2610 803 2671 hoc
869 2611 987 2693 ipsi
1050 2610 1383 2693 loquentes
1427 2608 1837 2688 inducantur,
1883 2609 2101 2670 iunii-lo
2129 2611 2421 2694 Cyclops

344 2739 455 2779 eos
516 2717 693 2778 haud
755 2716 948 2777 dubie
992 2714 1373 2798 alloquatur.
1473 2716 1599 2775 Has
1646 2726 1916 2799 propter
1957 2738 2175 2778 causas
2223 2741 2424 2802 quum

347 2822 594 2886 animus
637 2845 813 2884 meus
857 2843 1005 2883 sane
1052 2822 1337 2899 inclinat,
1382 2833 1454 2882 ut
1492 2823 1675 2882 unius
1721 2824 2117 2905 grammatici
2159 2825 2423 2906 unicum

343 2943 412 2994 et
451 2934 640 3017 plane
683 2933 1022 3007 incertum,
1069 2929 1222 3012 quin
1262 2904 1474 3011 potius
1522 2930 1639 3012 ipsi
1676 2930 1773 2990 rei
1798 2930 2075 3013 ipsisque
2102 2932 2423 3015 fragmen-

338 3042 420 3101 tis
486 3059 841 3123 repugnans
899 3035 1336 3099 testimonium
1389 3036 1696 3112 reiiciam,
1752 3032 1988 3113 tamen,
2047 3059 2194 3097 cum
2249 3039 2418 3099 hanc

341 3146 782 3207 coniecturam
840 3144 1004 3204 iusto
1065 3141 1473 3206 audaciorem
1530 3139 1752 3224 aliquis
1795 3143 1995 3228 possit
2042 3144 2415 3223 existimare,
2499 3139 2500 3142 ¹

343 3252 535 3313 aliam
578 3252 886 3314 invenisse
935 3248 1159 3311 videor
1200 3250 1539 3326 rationem,
1586 3271 1711 3331 qua
1754 3259 1891 3309 tota
1935 3272 2035 3310 res
2081 3256 2417 3337 componi-

312 3335 450 3420 rtur
492 3368 558 3419 et
598 3357 1016 3442 temperatur.
1100 3356 1312 3440 Ulyxis
1358 3355 1513 3415 socii
1554 3355 1903 3415 certissime
1947 3356 2011 3414 in
2049 3356 2170 3419 hae
2198 3360 2417 3421 fabula

339 3465 813 3528 inducebantur
851 3474 917 3526 et
957 3486 1104 3524 cum
1144 3465 1281 3547 ipso
1324 3462 1499 3522 haud
1542 3461 1733 3521 dubie
1778 3462 1860 3522 ad
1902 3464 2196 3547 Cyclopis
2239 3466 2415 3526 insu-

340 3572 472 3632 lam
515 3572 663 3633 navi
707 3570 1206 3654 advehebantur,
1263 3570 1352 3630 ita
1390 3589 1571 3644 vero,
1616 3578 1687 3627 ut
1730 3588 1875 3627 cum
1918 3569 2224 3652 primaria
2267 3572 2417 3632 dra-

336 3680 523 3741 matis
580 3700 854 3764 persona
906 3687 1243 3738 manerent
1302 3675 1367 3736 in
1430 3696 1641 3750 scena,
1705 3696 1833 3733 non
1895 3675 1958 3733 in
2018 3676 2411 3740 orchestram

340 3786 827 3862 descenderent,
889 3783 1001 3845 sed
1058 3781 1297 3844 effossis
1357 3780 1649 3863 Cyclopis
1694 3779 1889 3840 oculis
1935 3783 2079 3841 navi
2130 3781 2419 3847 discede-

337 3902 506 3953 rent.
589 3894 733 3970 Res,
780 3891 1081 3976 quoniam
1119 3890 1265 3950 satis
1313 3888 1614 3952 inusitata
1654 3883 2036 3963 habebatur,
2071 3889 2415 3953 admodum

339 3999 589 4059 comica
648 4010 807 4061 erat.
907 3999 1041 4058 Etsi
1096 4018 1227 4058 non
1271 3996 1516 4073 dubito,
1561 3994 1715 4078 quin
1750 3994 2075 4055 Platonius
2119 4017 2415 4080 comper-

338 4118 478 4169 tum
533 4106 833 4169 habuerit
892 4127 1039 4167 cum
1094 4104 1231 4188 ipso
1294 4102 1492 4186 Ulyxe
1553 4100 1758 4163 socios
1814 4115 2068 4185 quoque
2113 4101 2404 4166 inductos
