3119 5087
1134 483 1619 552 ...91-

351 686 491 728 rem
533 657 899 749 opinionem
942 685 1013 726 ex
1055 664 1266 729 Schol.
1308 668 1453 729 Aer.
1499 646 1747 730 secutus
1793 677 1887 730 est
1929 689 2190 754 magnus
2217 667 2413 736 Bent-

346 773 527 839 leius.
613 773 707 834 Cf.
750 772 1081 836 Heindorf.
1128 773 1209 835 ad
1248 774 1472 838 Horat.
1511 776 1553 836 l.
1598 776 1643 839 l.

511 881 771 964 Eupolis
832 890 1019 965 atque
1085 881 1375 942 Cratinus
1438 882 1504 944 in
1565 882 2010 946 adumbrandis
2053 884 2411 948 fabularum

351 990 733 1075 argumentis
794 987 1110 1049 diversum
1167 987 1500 1049 consilium
1542 991 1744 1051 secuti
1787 1000 1966 1062 sunt3
2023 991 2128 1051 hic
2171 1012 2208 1052 e
2255 993 2412 1053 deo-

349 1121 495 1160 rum
553 1106 617 1158 et
654 1097 927 1157 heroum
965 1094 1192 1179 mythis
1238 1095 1339 1157 vel
1389 1117 1423 1156 e
1468 1096 1672 1157 veteri
1716 1093 1983 1158 cuiusvis
2029 1097 2266 1159 ordinis
2310 1099 2413 1160 hi-

352 1203 548 1265 storia
594 1211 1033 1284 argumentum
1073 1201 1367 1263 haustum
1410 1212 1517 1262 aut
1557 1201 1718 1262 illud
1757 1204 1963 1285 ipsum
2007 1205 2250 1265 comice
2277 1215 2412 1267 tra-

351 1311 587 1386 etabat‚
632 1319 741 1370 aut
788 1309 1265 1392 comparatione
1311 1308 1459 1369 inde
1498 1309 1784 1371 instituta
1828 1300 1930 1369 ad*
1953 1330 2252 1395 suamque
2304 1335 2413 1373 ae-

348 1425 547 1481 tatem
602 1416 801 1475 relata
864 1415 1154 1498 aequales
1232 1437 1373 1475 suos
1436 1417 1740 1479 atrociter
1780 1417 2155 1499 castigabat3
2199 1417 2304 1479 ille
2343 1418 2409 1479 in

348 1545 461 1584 sua
507 1522 710 1584 aetate
755 1522 1011 1597 omnino
1057 1521 1196 1583 fere
1240 1519 1576 1583 subsistens
1619 1522 1715 1583 rei
1745 1523 2037 1606 publicae
2064 1523 2413 1586 Athenien-

348 1629 513 1688 sium
572 1627 780 1690 labem
841 1638 905 1693 et
962 1629 1115 1689 vitia
1173 1627 1456 1705 notabat,
1520 1627 1717 1690 veluti
1781 1629 2124 1707 sententiis,
2186 1632 2410 1714 quibus

346 1734 824 1797 Atheniensium
869 1735 934 1794 in
979 1734 1301 1819 capiendis
1330 1733 1615 1797 consiliis
1647 1756 1951 1797 summam
1983 1736 2409 1801 temeritatem

346 1841 779 1928 (δυσβουλίαν)
825 1841 1332 1903 demonstrabat:
2225 1838 2230 1843 ’

514 1945 642 2023 Οὓς
685 1950 746 2011 δ’
788 1943 902 2011 οὖκ
943 1940 1020 2011 ἂν
1068 1948 1297 2012 εἵλεσθ’
1337 1940 1473 2012 οὔδ’
1516 1940 1598 2011 ἂν
1638 1944 1928 2024 οἰνόπτας
1967 1951 2090 2035 πρό
2134 1949 2271 2030 τοῦ,

509 2054 654 2118 νυνὶ
692 2055 1075 2139 στρατηγούς
1120 2052 1495 2136 λεύσσομεμ·
1538 2046 1591 2117 οἷ
1631 2052 1832 2134 πόλις,
1873 2052 2084 2135 πόλις,

511 2157 596 2235 ὥς
631 2155 888 2243 εὖτυχῆς
936 2154 996 2224 εἶ
1031 2162 1277 2242 μᾶλλον
1316 2154 1358 2242 ἢ
1399 2162 1608 2235 καλῶς
1649 2164 1926 2247 φρενεῖς]

342 2269 574 2345 Athen.
617 2272 699 2330 X.
740 2292 804 2352 p.
848 2274 988 2350 425.
1028 2270 1104 2328 A.
1147 2268 1368 2329 Suidas
1411 2292 1471 2331 v.
1510 2266 1860 2351 Αθηναιὼν
1901 2267 2264 2351 ὃυσβουλία,
2301 2273 2409 2355 qui

347 2398 463 2436 sua
508 2376 835 2459 descripsit
880 2398 952 2437 ex
993 2376 1341 2437 Scholiasta
1385 2376 1466 2438 ad
1509 2376 1827 2460 Aristoph.
1878 2377 2040 2439 Nub.
2089 2382 2225 2441 350.
2259 2399 2414 2439 ean-

345 2483 498 2545 dem
557 2484 930 2546 sententiam
991 2505 1061 2547 ex
1113 2483 1431 2568 Eupolide
1496 2483 1754 2546 uberius
1820 2484 2073 2567 exponit
2127 2483 2224 2545 his
2263 2505 2413 2547 ver-

346 2590 553 2652 sibus:

512 2693 653 2760 Kal
689 2697 815 2776 μῆν
856 2694 976 2777 ἐγώ
1020 2694 1274 2770 πολλῶν
1315 2691 1644 2781 παρόντων
1689 2686 1804 2758 οὖκ
1849 2692 1973 2777 ἔχω
2010 2694 2085 2759 τί
2121 2692 2301 2781 λέξω,

511 2795 675 2862 οὕτω
717 2797 939 2887 σφόδρ’
985 2798 1156 2886 ἀλγῶ
1194 2804 1308 2883 τὴν
1349 2801 1668 2866 πολιτείαν
1711 2798 1877 2887 δρῶν
1912 2805 2059 2888 παρ’
2100 2797 2271 2884 ἡμῖν.

508 2902 684 2987 ἡμεῖς
721 2910 841 2992 γὰρ
885 2902 1002 2990 οὖχ
1044 2903 1208 2972 οῧτω
1244 2906 1401 2984 τέως
1442 2903 1740 2997 ᾠκοῦμεν,
1778 2899 1828 2970 ὦ
1871 2906 2171 2991 γέροντες·

510 3009 651 3077 ἀλλ’
693 3006 853 3095 ἦσαν
896 3013 1075 3098 ἡμῶν
1117 3017 1198 3101 τῇ
1237 3011 1417 3079 πόλει
1455 3018 1704 3099 πρῶτον
1744 3014 1863 3096 μὲν
1904 3011 1964 3077 οἱ
1999 3010 2338 3098 στρατηγοὶ

509 3121 579 3183 ἐκ
617 3124 743 3186 τῶν
783 3125 1091 3207 μεγίστων
1131 3123 1343 3186 οἰκιῶν
1389 3117 1641 3208 πλούτῳ
1681 3119 1840 3203 γένει
1878 3144 1943 3184 τε
1991 3120 2251 3205 πρῶτοι,

507 3218 602 3302 οἷς
641 3224 910 3312 ὧσπερεί
948 3234 1187 3293 θεοῖσιν
1226 3224 1589 3310 ἧυχόμεσθα
1633 3229 1690 3292 δ’
1733 3221 1880 3290 ὅποι
1923 3223 2221 3308 τύχοιμεν

508 3329 990 3418 στρατευόμεσθ’
1033 3332 1391 3419 αἱρούμενοι
1430 3331 1803 3417 καθάρματα
1846 3331 2253 3418 στρατηγούς.

340 3442 522 3504 Stob.
581 3444 780 3505 Serm.
829 3450 926 3521 43.
972 3468 1029 3526 9.
1136 3444 1206 3503 In
1251 3441 1347 3502 his
1394 3451 1467 3502 ut
1507 3441 1572 3501 in
1616 3442 1825 3501 multis
1874 3441 2008 3501 aliis
2046 3439 2414 3524 Aristopha-

338 3572 452 3611 nes
527 3550 827 3634 Eupolim
886 3551 1161 3610 imitatus
1221 3533 1348 3620 est3
1418 3569 1562 3608 cum
1603 3548 1809 3631 priori
1853 3548 2209 3631 fragmento
2257 3569 2414 3608 con-

338 3658 504 3719 ferri
545 3667 831 3719 meretur
872 3656 1045 3718 locus
1091 3656 1154 3716 in
1198 3654 1632 3738 Aristophanis
1673 3654 1956 3714 Nubibus
2002 3658 2137 3718 583.
2182 3654 2413 3715 Eccle-

341 3767 489 3840 siaz.
533 3785 673 3846 471.
724 3773 787 3826 et
828 3763 1037 3823 Schol.
1084 3763 1165 3823 ad
1205 3762 1246 3822 l.
1296 3784 1372 3839 c.‚
1418 3783 1564 3821 cum
1611 3760 1813 3822 altero
1860 3762 2229 3821 conferatur
2269 3759 2414 3820 Ari-

339 3871 678 3956 stophanes
723 3871 788 3932 in
841 3870 1030 3930 Ranis
1075 3875 1210 3951 730.
1296 3868 1436 3932 Viri
1478 3866 1650 3927 docti
1688 3866 1769 3926 ad
1800 3865 1973 3928 hunc
2008 3866 2226 3926 locum
2259 3866 2411 3927 scite

339 3988 728 4043 monuerunt
785 3976 1269 4060 Aristophanem
1326 3975 1698 4059 φαρμακούς
1760 3976 1947 4054 (745.)
2015 3971 2234 4035 dixisse
2281 3995 2411 4049 eos,

341 4109 498 4171 quos
556 4088 816 4171 Eupolis
875 4083 1274 4169 καθάρματα;
1336 4083 1419 4144 ita
1488 4084 1659 4144 enim
1722 4082 1990 4165 explicat
2030 4082 2410 4143 Scholiasta=

339 4202 750 4284 φαρμακοῖσι,
809 4200 941 4269 τοῖς
985 4190 1337 4276 λεγομένοις
1378 4186 1796 4272 καθάρμασιν.
1900 4190 2156 4268 Quanta
2197 4189 2414 4253 simili-
