3119 5087
1017 366 1612 508 ,--43’-

476 590 722 669 ηΜόνος
763 595 832 659 ἔκ
878 597 1152 682 κεφαλῆς
1211 595 1652 662 ἑνδεκακλίνου·
1688 597 1969 683 θόρυβον
2012 602 2214 666 πολῦν
2257 601 2398 680 ἐξα-

1617 703 1917 783 varali-st,

313 810 508 893 -pm'or
564 817 900 891 tantopere
958 809 1147 875 mixta
1201 820 1295 872 est
1351 811 1677 874 Plutarchi
1737 813 1948 875 verbis
2014 824 2079 876 et
2136 815 2217 876 ad
2261 816 2398 878 eius

322 917 673 980 sententiae
735 919 1275 977 constructionem
1339 918 1654 1001 adaptata,
1700 930 1771 980 ut
1813 921 1906 981 vix
1947 921 2193 1004 integra
2238 923 2395 983 Cra-

295 1025 440 1088 ‚tini
506 1025 705 1085 verba
760 1045 961 1107 eaque
1025 1024 1186 1087 iusto
1249 1024 1475 1087 ordine
1522 1026 1821 1109 disposita
1866 1027 2033 1089 tradi
2072 1050 2254 1111 posse
2296 1030 2395 1089 vi-

323 1110 617 1192 deantur.
720 1133 1140 1218 Καρηβαριᾷν
1199 1141 1264 1193 et
1312 1132 1462 1194 inde
1515 1138 1887 1216 καρηβαρεῖν
1946 1136 2062 1213 '157²'
2117 1136 2396 1218 κεφαλὴν
2460 1161 2467 1166 ·

319 1239 522 1324 (quod
564 1238 826 1322 ponitur
885 1239 1154 1322 perinde
1212 1261 1287 1301 ac
1336 1241 1389 1300 si
1445 1241 1717 1325 κεφαλῆς
1775 1240 2145 1324 significatio
2189 1243 2388 1304 verbo

317 1348 430 1407 illo
493 1369 622 1407 non
681 1347 1167 1433 includeretur),
1235 1348 1313 1410 ab
1359 1347 1777 1431 Aristophane
1821 1367 2075 1432 quoque
2118 1370 2394 1434 usurpa-q

315 1464 458 1514 tum
495 1477 594 1537 ap.
638 1453 883 1514 Polluc.
926 1455 1003 1514 Π.
1045 1474 1148 1534 41.
1190 1453 1424 1517 dicitur
1464 1456 1545 1519 de
1588 1457 1808 1540 capitis
1851 1457 2190 1540 gravedine
2225 1479 2388 1541 qua-

313 1562 407 1623 vis
466 1582 540 1622 ex
600 1581 787 1621 causa
842 1562 1282 1644 proveniente,
1340 1563 1467 1624 hoc
1523 1572 1736 1625 autem
1766 1562 1940 1625 .loco
1996 1564 2075 1626 de
2114 1564 2382 1628 Periclis

228 1697 238 1715 ·
317 1668 528 1750 capite
571 1666 784 1728 multis
821 1668 1170 1730 minoribus
1212 1668 1544 1752 capitibus,
1591 1692 1754 1754 quae
1798 1676 2002 1750 σχῖνοι
2046 1682 2380 1757 vocantur.
2497 1700 2506 1719 ο

312 1777 388 1835 In
430 1774 703 1858 imagine
768 1774 926 1836 Iovis
993 1774 1313 1838 coloribus
1354 1777 1707 1843 Homericis
1752 1777 2150 1866 depingenda
2193 1789 2259 1841 et
2297 1778 2381 1840 ad

307 1880 629 1942 Periclem
670 1881 1006 1942 referenda
1050 1882 1212 1942 miro
1256 1883 1534 1969 quodam
1581 1893 1647 1945 et
1669 1884 1813 1945 satis
1848 1884 2152 1967 exquisito
2179 1884 2376 1947 modo

311 1983 578 2071 operam
621 1999 936 2050 naverunt
984 1977 1211 2055 comici
1256 1990 1511 2068 Graeci,
1569 2012 1776 2074 neque
1818 1990 2022 2051 solum
2057 1989 2377 2055 Periclem

310 2097 528 2157 Iovem
594 2095 995 2177 appellarunt
1049 2095 1264 2157 addito
1329 2096 1672 2159 Homerico
1717 2097 1999 2180 epitheto
2035 2091 2378 2177 Ὀλύμπιος

310 2199 425 2280 (11.
466 2225 526 2262 α.
574 2207 716 2268 353.
759 2206 898 2285 589.
943 2206 1012 2285 β,
1053 2208 1191 2286 ³⁰9·
1240 2203 1298 2279 δ,
1344 2208 1477 2266 160.
1525 2203 1581 2280 ζ,
1623 2207 1811 2280 289.»
1869 2203 1982 2265 sed
2026 2216 2220 2287 caput
2260 2205 2374 2266 ‹le-

307 2310 518 2370 forme
581 2309 662 2371 ad
705 2310 1068 2394 Olympum,
1109 2310 1327 2392 gibbos
1372 2309 1454 2368 ad
1494 2308 1750 2392 Olympi
1792 2310 2125 2373 cacumina
2163 2321 2378 2371 trans-

301 2415 613 2493 tulerunt,
682 2417 767 2476 ita
826 2425 898 2476 ut
948 2437 1019 2476 ex
1070 2414 1196 2476 hoc
1239 2415 1398 2475 illud
1440 2437 1792 2498 cognomen
1835 2425 2054 2479 natum
2091 2437 2229 2477 esse
2272 2417 2373 2477 vi·-

305 2521 556 2583 deatur.
654 2523 966 2585 Homerus
1015 2523 1214 2586 multa
1280 2524 1612 2585 cacumina
1673 2522 1928 2608 Olympi
1977 2524 2260 2608 agnoscit
2298 2525 2367 2586 in

301 2628 437 2688 his:
1506 2630 1510 2635 ’

463 2776 809 2870 Ἀκροτάτῃ
854 2782 1102 2870 κορυφῇ
1141 2781 1586 2869 πολυδειράδος
1632 2776 1999 2865 Οὖλύμποιο

298 2937 372 2998 ΙΙ.
419 2961 479 3014 α,
522 2958 670 3020 499.
714 2940 780 3014 θ,
825 2943 887 3016 3,
1270 2999 1278 3022 ,
1970 3005 1974 3010 ,

463 3044 862 3105 Vocabulum
903 3045 1146 3128 κορυφὴ
1187 3043 1362 3105 haud
1405 3044 1598 3107 dubie
1637 3044 2032 3128 potissimum
2072 3063 2361 3125 respexe-

292 3160 446 3212 rant
520 3151 770 3227 comici‚
828 3174 987 3212 cum
1047 3173 1177 3212 non
1234 3152 1436 3212 solum
1492 3152 1805 3214 montium
1860 3149 2192 3212 cacumina
2250 3148 2361 3210 sed

295 3258 492 3321 etiam
549 3258 769 3341 capitis
824 3268 1071 3341 partem
1127 3257 1296 3319 inter
1352 3257 1627 3342 sinciput
1671 3267 1736 3319 et
1784 3251 2044 3341 occiput
2082 3258 2364 3322 mediam

292 3375 364 3428 et
409 3386 734 3442 summam,
774 3353 935 3448 quae
975 3363 1238 3447 proprie
1281 3361 1551 3448 στεφάνη
1596 3364 1973 3448 appellatur,
2010 3359 2353 3449 significet;

268 3449 406 3535 ⁸alti
450 3492 589 3533 eam
629 3480 879 3553 partem
919 3470 1141 3555 capitis
1184 3470 1646 3548 intellexerunt,
1691 3470 1757 3531 in
1800 3493 1923 3555 qua
1969 3472 2182 3555 capilli
2204 3493 2364 3555 par-

285 3579 411 3639 tim
452 3576 534 3639 ad
577 3578 858 3642 dextram
898 3577 1133 3662 partim
1176 3576 1257 3639 ad
1298 3577 1611 3638 sinistram
1649 3576 2073 3655 invertuntur,
2134 3586 2205 3638 ut
2244 3598 2354 3639 κο..

288 3685 469 3769 ρυφὴ
530 3685 610 3747 sit
664 3685 769 3746 illa
831 3684 1020 3763 linea,
1077 3705 1237 3769 quae
1277 3683 1536 3769 capillos
1579 3683 1644 3743 in
1689 3682 1842 3744 duas
1880 3692 2093 3766 partes
2141 3681 2354 3746 distri-

203 3859 209 3865 ,
281 3793 457 3865 buit3
509 3793 722 3877 itaque
765 3792 1153 3877 grammatici
1195 3793 1474 3877 κορυφὴν
1522 3790 1741 3851 dicunt
1785 3810 1916 3852 esse
1948 3789 2020 3850 τᾶ
2057 3787 2125 3852 ἐν
2152 3785 2349 3873 μέσῳ,

282 3902 437 3965 καθ’
485 3894 525 3962 ὃ
567 3902 644 3982 δῆ
681 3898 959 3981 μάλιστα
1020 3899 1332 3964 εἰλοῦνται
1363 3894 1448 3961 αἱ
1487 3895 1714 3980 τριχὲς,
1755 3905 1829 3956 ut
1868 3906 2083 3957 vertex
2125 3917 2163 3957 a
2202 3914 2350 3958 vert-

153 4025 172 4042 ‘
278 4008 507 4071 tendo.
609 4010 784 4086 Quot
835 4008 1043 4092 capita
1100 4028 1253 4069 vero
1305 4006 1545 4068 habere
1608 4004 1991 4068 credebatur
2043 4003 2345 4083 Pel-iola,

263 4125 384 4194 ‚tot
425 4114 861 4200 xopvqm'wssf.
907 4115 1286 4212 interpretes
1328 4113 1410 4176 ad
1449 4111 1698 4176 Pulluc.
1747 4112 1822 4176 ΙΙ.
1861 4113 2008 4193 43.).
