3119 5087
722 604 982 665 maxime
1032 603 1374 680 adamatuS,
1417 604 1693 681 indutus,
1740 604 2012 667 delicias*
2039 627 2110 665 ac
2155 604 2465 680 libidines,
2509 604 2772 685 proprie

723 711 800 769 ab
845 709 979 791 ipso
1022 709 1446 786 alienissimas,
1477 712 1713 772 faciens
1761 712 2052 773 dominae
2092 710 2345 793 placere
2389 731 2772 794 quoeunque

719 815 910 875 modo
979 815 1289 877 studebat.
1396 816 1621 887 Senec.
1667 816 1988 902 Hippolyt.
2028 840 2088 877 v.
2141 824 2280 883 322.
2365 816 2647 879 Similem
2689 817 2772 876 ob

720 942 971 980 causam
1009 921 1310 983 Deianira
1352 933 1582 986 vocata,
1619 933 1710 984 est
1753 933 1819 984 et
1864 920 2161 1004 τύραννος
2204 946 2240 983 a
2286 924 2566 1000 Gratiae,
2609 945 2773 1004 quae

719 1047 1028 1086 summum
1088 1028 1422 1110 imperium
1462 1029 1581 1091 sibi
1621 1029 1798 1114 quasi
1841 1029 2193 1093 vindicarit.
2297 1030 2391 1090 Cf.
2435 1027 2647 1092 Schol.
2693 1029 2775 1090 ad

717 1131 964 1191 Platon.
1007 1134 1226 1193 Menex
1260 1156 1333 1215 p.
1385 1141 1518 1216 139.

877 1238 1191 1300 Periclem
1231 1240 1389 1300 filios
1433 1240 1737 1323 quosdam
1782 1241 2042 1323 spurios.
2067 1240 2358 1305 habuisse
2400 1236 2614 1302 multis
2660 1262 2771 1303 ve-

720 1353 928 1404 terum
984 1344 1355 1406 testimoniis
1421 1347 1566 1407 satis
1623 1358 1888 1424 constat,
1932 1370 2202 1432 eumque
2242 1348 2532 1410 habuisse
2574 1372 2770 1409 unum
2861 1406 2872 1411 ,

722 1473 792 1511 ex
833 1451 1085 1534 Aspasia
1128 1452 1480 1535 suspicatur
1517 1453 1891 1515 Plutarchus
1942 1454 2028 1531 (in
2067 1454 2316 1516 Pericle
2358 1477 2426 1515 c.-
2464 1458 2586 1534 24.)
2637 1455 2771 1514 Eu-

718 1558 914 1642 polim
958 1557 1236 1635 laudam,
1274 1558 1348 1617 in
1397 1559 1572 1620 cuius
1599 1561 1814 1627 Demis
1854 1581 2047 1645 quum
2071 1561 2353 1625 Pericles
2391 1562 2769 1644 interrogat:

959 1657 992 1724 ὃ
1037 1657 1223 1736 vei-9⁷09
1266 1663 1334 1731 δέ
1371 1688 1485 1743 μοι
1527 1665 1605 1750 ζῇ
1624 1691 1645 1744 ,·

877 1768 1226 1854 Pyronides
1268 1771 1646 1856 respondet:

1674 1873 1783 1939 καί
1818 1873 2011 1951 πάλαι
2044 1878 2101 1959 γ’
2142 1868 2219 1939 ἂν
2257 1865 2333 1958 ἦν
2373 1870 2529 1962 ἀνὴρ

883 1979 940 2042 εἷ
974 1983 1064 2061 μὴ
1107 1983 1176 2044 τὸ
1229 1983 1340 2062 τῆς
1381 1978 1615 2065 πόρνης
1651 1977 2021 2065 ὖπωρῥώδει
2061 1978 2308 2045 κακόν.-

721 2086 815 2147 Cf.
859 2074 1233 2151 Valckenar.
1263 2091 1342 2150 'in
1376 2091 1580 2150 Diatr.
1622 2089 1843 2171 Eurip.
1885 2113 1950 2173 p.
1996 2109 2135 2152 221.
2189 2090 2408 2151 Lectio
2451 2088 2636 2149 codd.
2664 2090 2772 2149 fir-

719 2207 907 2256 mata.
992 2198 1179 2259 Hunc
1231 2198 1496 2257 nothum
1542 2218 1794 2280 quoque
1821 2195 2135 2256 Periclem
2169 2196 2558 2256 nominatum
2584 2196 2771 2257 fuisse

720 2311 986 2364 testatur
1031 2303 1453 2386 Harpocratio
1496 2327 1556 2364 v.
1594 2298 1930 2367 Ἀσπασία.
2011 2304 2158 2364 Duo
2197 2324 2350 2363 vero
2378 2303 2491 2363 filii
2519 2303 2773 2385 genuini

720 2409 1147 2490 nominantur,
1179 2409 1441 2471 Paralus
1497 2420 1563 2470 et
1621 2409 2021 2491 Xanthippus
2085 2410 2343 2486 (Aelian.
2398 2409 2550 2470 Var.
2612 2410 2767 2469 Hist.

723 2515 832 2583 JV.
892 2521 1039 2594 ια),
1101 2518 1209 2600 qui
1269 2517 1459 2579 tristis
1511 2515 1672 2577 iuius
1713 2515 2110 2600 pestilentiae
2152 2517 2398 2578 morbo*
2422 2494 2770 2599 perierunt.

722 2622 884 2683 Cum
940 2645 1092 2684 vero
1145 2624 1422 2685 Pericles
1481 2624 1686 2706 legem
1727 2601 2106 2707 pertulisset,
2152 2645 2233 2685 ne
2282 2623 2469 2684 alicui
2511 2624 2592 2684 ad
2638 2645 2775 2685 rem

718 2730 1038 2813 publicam
1078 2729 1552 2814 gubernandam
1602 2730 1908 2792 accedere
1946 2730 2446 2813 permitteretur,
2503 2730 2620 2792 nisi
2665 2730 2771 2813 qui

719 2848 989 2921 utroque
1025 2847 1288 2921 parente
1318 2837 1453 2898 cive
1485 2847 1665 2898 natus
1700 2847 1859 2898 esset
1877 2836 1969 2919 (ἐξ
1990 2830 2178 2921 ἆφοῖν
2200 2832 2496 2919 ὑπάρχων
2516 2830 2768 2918 ἀστῶν),

715 2946 955 3018 factum
1001 2954 1114 3021 est,
1157 2954 1228 3005 ut
1271 2943 1456 3006 huius
1499 2943 1658 3025 legis
1694 2944 1977 3005 severior
2019 2942 2298 3005 conditio
2348 2954 2534 3026 atque
2563 2943 2772 3004 divina

648 3131 655 3138 l
717 3051 874 3112 ultio
937 3051 1087 3134 legis
1144 3073 1463 3112 suasorem
1505 3049 1768 3112 maxime
1808 3060 2150 3134 premeret,
2214 3051 2322 3135 qui
2364 3039 2595 3114 amissis
2634 3050 2774 3112 filiis

717 3156 1007 3239 legitimis
1053 3179 1233 3220 suum
1277 3157 1465 3240 ipsius
1510 3156 1747 3234 filium,
1806 3156 2319 3239 quandoquidem
2353 3137 2583 3218 nothus
2615 3166 2773 3234 erat,

717 3262 1073 3343 imperandi
1138 3264 1274 3324 iure
1336 3249 1628 3347 privavit³
1663 3264 1923 3339 (Aelian.
1986 3265 2138 3328 Var.
2194 3262 2351 3325 His't.
2423 3264 2531 3325 VI.
2574 3286 2629 3324 e.
2673 3283 2769 3342 24.

719 3368 931 3433 Schol.
974 3369 1055 3429 ad
1095 3369 1342 3431 Platon.
1388 3374 1631 3433 Menex.
1674 3394 1737 3453 p.
1788 3375 1968 3454 ¹39·)·
2052 3370 2275 3431 Talem
2315 3362 2453 3431 rein
2496 3370 2774 3435 habebat

714 3474 992 3537 Pericles
1056 3499 1205 3538 cum
1266 3478 1544 3560 Aspasia,
1615 3499 1736 3561 pro
1787 3500 1910 3560 qua
1967 3475 2221 3559 publice
2264 3497 2515 3536 causam
2559 3476 2771 3538 dicens

701 3580 856 3663 splus
918 3580 1362 3666 lacrymarum,
1424 3605 1613 3665 quam
1674 3605 1798 3667 quo
1856 3575 2145 3665 tempore
2188 3583 2319 3666 ipse
2364 3582 2526 3644 vitae
2553 3584 2777 3645 'fortu-

717 3710 1068 3772 narumque
1114 3690 1474 3772 periculum
1520 3683 1767 3768 adierit,
1818 3690 2171 3773 profudisse
2235 3689 2486 3751 dicitur.
2566 3691 2774 3752 Porro

713 3794 1073 3856 Athenaeus
1118 3799 1289 3858 XIII.
1336 3821 1399 3881 p.
1445 3802 1586 3875 580,
1647 3799 1755 3860 uhi
1799 3796 2172 3880 deAspasia
2216 3795 2473 3879 aliisque
2514 3796 2776 3858 Periclis

719 3901 962 3962 amasiis
1008 3903 1304 3986 disputat,
1348 3915 1567 3966 narrat
1606 3886 1942 3983 Pericleni,
1987 3928 2181 3990 quum
2203 3904 2424 3965 Cimon
2451 3902 2779 3987 Elpinicae

719 4008 923 4068 sorori
988 4032 1135 4070 suae
1197 4011 1602 4080 matrimonio
1655 4033 1882 4094 parum
1945 4012 2224 4095 legitimo
2247 4068 2251 4072 <
2274 4012 2522 4073 iunctus
2564 4011 2783 4076 fuisset

704 4112 983 4200 illaque.
1011 4116 1246 4179 Calliae
1306 4126 1465 4180 esset
1506 4104 1787 4195 elocata,
1851 4139 1996 4200 cum
2035 4119 2165 4201 ipse
2210 4118 2273 4178 in
2319 4119 2571 4180 exilium
2618 4129 2786 4182 esset
