3119 5087
1444 408 1886 481 ...4-

619 603 871 667 cunque
931 577 1262 656 libuerint,
1324 576 1703 662 impunitam
1762 577 2129 639 facultatem
2184 577 2251 638 iu
2294 598 2474 639 snum
2513 598 2694 639 usum

619 691 739 753 sibi
782 688 1110 759 vindicare
1139 683 1421 746 cunctati
1458 705 1589 747 non
1629 694 1793 746 sunt.
1839 685 2003 746 Hinc
2041 682 2201 747 illud
2236 685 2485 749 Horatii
2509 684 2693 746 Satir.

623 799 670 858 I.
718 815 778 875 4.
828 819 883 859 ι.
937 817 1069 879 sqq.

700 901 967 987 Eupolis
1019 909 1208 984 atque
1249 899 1541 961 Cratinus
1585 897 2163 984 Aristophanesque
2213 911 2444 983 poetae

702 1011 915 1093 Atque
961 1006 1088 1086 alii,
1134 1028 1410 1092 quorum
1450 1005 1782 1067 comoedia
1826 1007 2036 1090 prisca
2076 1006 2365 1067 virorum
2406 1016 2535 1085 e'st,

705 1117 775 1178 Si
818 1115 955 1199 quis
997 1123 1136 1177 erat
1181 1114 1404 1197 dignus
1451 1112 1749 1189 describi,
1798 1112 1970 1194 quod
2015 1112 2212 1173 malus
2261 1124 2370 1174 aut
2407 1115 2534 1191 fur,

713 1222 911 1300 Quod
951 1219 1255 1287 moechus
1300 1220 1470 1281 foret
1509 1230 1621 1280 aut
1666 1217 1925 1283 sicarius
1971 1226 2094 1296 aut„
2116 1217 2362 1301 ,alioqui

658 1329 1041 1407 FamosuS,
1084 1326 1283 1389 multa
1326 1320 1472 1387 cum
1514 1325 1811 1387 libertate
1855 1325 2181 1414 notabant.

631 1435 989 1520 Praecipue
1038 1453 1190 1495 vero
1247 1434 1694 1527 imperatoreS,
1731 1430 1969 1492 iudices
2012 1431 2201 1514 ipsos,
2246 1430 2354 1514 qui
2402 1430 2565 1491 male
2612 1430 2706 1489 ius

637 1544 968 1606 administi
971 1542 1184 1621 abant,
1250 1539 1414 1602 cives
1476 1560 1696 1602 avaros
1761 1548 1872 1600 aut
1917 1516 2167 1600 lascivia
2212 1537 2564 1623 diffluentes
2611 1545 2711 1597 at·-

639 1673 764 1734 que
823 1648 1235 1733 philosophos
1281 1646 1677 1739 contumeliis
1719 1647 2300 1730 persequebantum·
2358 1655 2545 1728 atque
2588 1666 2709 1726 po-

632 1756 822 1840 pulus
882 1777 1137 1817 omnem
1196 1753 1454 1816 comicis
1498 1753 1815 1841 ¹timorem
1863 1753 2194 1830 eximebat,
2240 1774 2390 1813 cum
2433 1752 2709 1815 libenter

637 1883 769 1940 eos,
818 1861 928 1945 qui
969 1859 1198 1923 talibus
1243 1858 1543 1924 conviciis
1584 1858 2094 1944 proscinderent,
2138 1859 2407 1922 audiret.

811 2054 1161 2138 Comoedia
1236 2096 1308 2136 ac
1370 2075 1702 2159 tragoedia
1776 2097 1846 2138 ex
1920 2097 2049 2136 uno
2124 2074 2474 2157 eodemque
2526 2074 2708 2134 fonte

643 2194 826 2248 ortae
884 2184 1351 2267 ad‘Thespidis
1405 2206 1605 2273 usque
1660 2193 1930 2247 aetatem
1974 2183 2039 2243 in
2089 2205 2287 2244 unum
2330 2176 2710 2243 coniunctae

638 2291 1074 2352 inveniuntur.
1174 2290 1295 2353 Hic
1357 2291 1548 2368 enim,
1609 2291 1887 2375 quamvis
1926 2289 2290 2373 tragoediae
2331 2287 2713 2349 inventionis

637 2382 899 2457 laudem
948 2354 1281 2473 ,communi
1327 2397 1604 2481 quadam
1644 2402 1932 2459 veterum
1976 2396 2276 2480 opinione
2322 2397 2387 2456 in
2428 2417 2495 2456 se
2537 2403 2716 2461 retu-2

636 2503 814 2582 lerit,
860 2504 1280 2582 cavillatione,
1329 2504 1482 2566 iocis
1530 2514 1720 2587 atque
1766 2503 2007 2565 facetiis
2050 2501 2416 2580 salsissimis,
2460 2522 2716 2564 comoeq

641 2610 751 2674 dia
815 2610 1159 2672 admodum
1219 2611 1442 2694 dignis,
1472 2611 1737 2693 aquibus
1805 2632 1885 2673 ne
1948 2610 2198 2694 optimis
2259 2608 2514 2693 quidem
2563 2608 2722 2670 viris,

641 2716 958 2804 pepercit,
1024 2740 1207 2778 usum
1247 2718 1457 2793 fuisse,
1537 2717 1749 2778 multis
1790 2726 2079 2780 veterum
2118 2717 2490 2779 testimoniis
2534 2702 2722 2790 lucu-J

640 2825 856 2886 lenter
896 2834 1109 2907 potest
1157 2823 1418 2907 probari
1465 2823 1570 2900 (cf.
1615 2824 1941 2887 Plutarch.
1973 2825 2049 2910 *in
2086 2824 2216 2885 vita
2242 2823 2458 2898 Solon.
2491 2846 2546 2885 e.
2580 2829 2726 2907 29);‚

629 2932 760 2991 iul.
820 2930 1042 3002 Pollux
1103 2930 1457 2991 iocatorem
1509 2950 1656 2990 eum
1707 2932 1988 3015 appellat
2029 2940 2216 3014 atque
2255 2930 2581 2992 hominem
2618 2932 2722 3000 faa

644 3047 902 3109 cetum;
947 3034 1095 3110 ¹ludi
1141 3035 1271 3096 eius
1327 3036 1567 3112 παιδιὰ,
1610 3038 1862 3120 παίγνια
1908 3047 1972 3103 et
2014 3037 2216 3117 κῶμοι
2258 3060 2293 3098 a
2333 3037 2728 3115 Dioscorida

646 3143 820 3206 dicti.
907 3142 1206 3203 Susarion
1249 3144 1659 3228 Megarensis,
1686 3143 2017 3228 Thespidis
2054 3144 2420 3228 discipuluS,
2458 3165 2493 3207 e
2521 3165 2719 3214 curru.

648 3251 1014 3315 disseruisse
1059 3251 1285 3329 fertur,
1353 3251 1485 3313 eius
1528 3252 1783 3314 fabulae
1828 3261 2039 3313 autem
2082 3252 2460 3313 comoediae
2498 3252 2721 3337 appel-

646 3359 842 3435 latae,
887 3358 995 3435 ita,
1045 3367 1116 3420 ut
1163 3357 1313 3420 inde
1357 3360 1778 3446 MegarenseS,
1834 3358 2311 3421 Atheniensium
2347 3358 2560 3436 vicini,
2604 3381 2721 3420 co-

644 3463 940 3526 moediae
967 3464 1401 3526 inventionem
1433 3465 1554 3526 sibi
1587 3465 1939 3527 vindicasse
1975 3464 2345 3529 videantur,
2396 3465 2584 3549 Apud
2616 3465 2738 3548 δί-Ι

647 3571 826 3632 culos
866 3593 1124 3658 quoque
1173 3571 1417 3635 exculta
1487 3580 1581 3634 est
1626 3555 1958 3634 comoedia
2002 3582 2067 3633 et
2103 3580 2296 3656 poeta
2335 3574 2719 3657 praecipuus

644 3687 916 3740 vocatur
973 3677 1414 3762 EpicharmuS,
1477 3679 1587 3769 qui
1654 3702 1801 3741 cum
1846 3679 2217 3756 Phormide,
2268 3680 2490 3741 itidem
2530 3680 2724 3764 Syra-

648 3807 911 3863 cusan0,
977 3786 1166 3848 iustas
1228 3786 1539 3872 reperisse
1584 3787 1827 3849 fabulas
1870 3788 2263 3871 perhibetur.
2367 3789 2528 3850 Cum
2568 3810 2724 3850 vero

647 3894 1015 3955 Siculorum
1075 3904 1139 3955 et
1199 3873 1679 3955 Atheniensium
1729 3895 2144 3956 diversissima
2186 3896 2355 3957 inter
2397 3919 2463 3957 se
2504 3897 2725 3958 fuisset

650 4001 749 4064 rei
790 3999 1087 4082 publicae
1132 3997 1524 4075 constitutio,
1570 4002 1905 4062 comoedia
1947 4023 2203 4088 quoque
2231 4004 2559 4086 utriusque
2602 3988 2726 4085 po·-

644 4106 781 4193 puli
844 4106 1156 4170 diversam
1211 4107 1378 4170 viam
1434 4108 1683 4196 ingredi
1739 4109 1991 4182 debuit;
2053 4121 2126 4174 et
2183 4112 2433 4198 egregie
2476 4107 2737 4173 confir-'
