3119 5087
1089 453 1187 473 ...
1283 425 1570 499 55--

307 632 580 697 quacum
611 611 832 673 'tamen
877 609 1041 681 aliae,
1075 631 1409 693 personae,
1452 607 1853 671 secundm-ias
1901 610 2182 691 quamvis
2214 630 2364 693 par-

302 729 397 780 tes
441 727 718 799 agenteS,
758 726 899 779 arto
942 716 1196 779 vinculo
1222 716 1716 799 coniunguntur,
1755 724 1827 777 ut
1849 735 2159 779 summum
2187 714 2366 798 quasi

300 826 657 908 praebeant
697 822 947 904 fabulae
989 831 1447 906 argumentum.
1523 814 1835 893 Ὀδυσσεῖς
1870 820 2137 905 Ulyxem
2187 821 2364 882 exhi,-

299 930 506 992 buere
549 930 918 1013 primariam
957 951 1317 1012 personam,
1362 949 1638 1011 quocum
1676 918 2073 989 hauddubie
2111 927 2219 989 alii
2248 927 2367 988 he·-

306 1059 450 1098 roes
498 1035 824 1097 Homerici
867 1035 932 1095 in
974 1035 1303 1096 itineribus
1352 1044 1523 1096 terra
1555 1034 1842 1117 marique
1877 1034 2093 1094 iactati
2125 1034 2366 1095 bonam

303 1145 634 1209 fortunam
664 1142 1138 1225 quaesiverunt3
1165 1141 1464 1218 fabulam,
1493 1137 1952 1221 Κλεοβουλιίναι
1976 1136 2364 1222 inscriptam,
2473 1186 2492 1194 s

305 1248 563 1310 videtur
580 1248 869 1311 Cratinus
900 1249 1321 1333 composuisse
1360 1247 1681 1309 celebrem
1702 1246 2142 1309 cleobulinam
2180 1246 2367 1309 alias-

307 1377 435 1438 que
494 1356 792 1417 mulieres
844 1354 1247 1439 philosophas
1314 1353 1597 1415 eiusdem
1646 1354 1889 1436 generis
1931 1353 2250 1430 irrisui-us,
2293 1361 2368 1421 ut
2423 1362 2426 1367 '

307 1463 490 1546 quasi
550 1463 766 1524 aetatis
819 1485 968 1525 suae
1011 1473 1259 1524 certum
1301 1472 1551 1523 mo'rum
1596 1471 1662 1523 et
1702 1461 2175 1545 disciplinarum
2213 1460 2367 1521 cha-

308 1580 630 1633 racterem
676 1570 740 1629 et
780 1568 1255 1630 inclinationem
1294 1568 1360 1627 in
1399 1578 1650 1651 partem
1694 1566 2080 1629 deteriorem
2117 1565 2219 1629 vel
2256 1587 2366 1628 or·-

311 1675 528 1737 dinem
565 1674 904 1735 mulierum
942 1673 1213 1757 priscam
1243 1673 1680 1735 Cleobulinam
1720 1674 2153 1737 affectantium
2195 1694 2368 1734 mor-

311 1781 518 1859 deret,
562 1781 1060 1864 comparatione,
1106 1781 1292 1849 sicuti
1334 1780 1567 1843 comici
1608 1780 1914 1858 solebant,
1956 1781 2125 1842 inter
2154 1779 2365 1863 prisca

306 1899 602 1971 tempora
678 1910 824 1949 cum
883 1887 1025 1966 illis,
1088 1889 1313 1971 quihus
1368 1888 1501 1978 ipse
1555 1887 1724 1965 vixit,
1785 1887 2088 1977 instituta.
2207 1885 2367 1948 Loci

309 1994 481 2078 apud
510 1995 838 2056 Pollucem
866 1995 950 2056 X.
993 1998 1126 2059 105.
1166 1994 1232 2057 ἐν
1267 1988 1646 2078 Κλεοβούλῳ
1699 1994 1896 2071 (MSS.
1943 1992 2012 2056 ἐν
2044 1995 2369 2074 Κλεοβου..

310 2098 560 2183 ilvam),
594 2101 765 2183 apud
799 2101 1071 2162 eundem
1097 2102 1234 2163 VII.
1262 2120 1360 2177 41.
1392 2099 1459 2161 ἐν
1483 2097 1946 2183 Κλεοβουλίνῃ,
1967 2099 2138 2183 apud
2165 2101 2367 2161 Scho-

308 2208 558 2273 liastam
608 2205 688 2266 ad
730 2205 1159 2288 Aristophanis
1204 2209 1357 2267 Aves
1403 2212 1500 2297 3ι.
1570 2204 1638 2268 ἐν
1678 2203 2105 2286 Κλεοβούλοις
2146 2228 2400 2268 emen-o,
2449 2269 2456 2278 ,

313 2313 509 2375 dandi
550 2323 696 2374 sunt
734 2323 798 2373 et
838 2313 1081 2375 sincera
1118 2313 1307 2373 lectio
1333 2312 1401 2375 ἐν
1443 2309 1950 2391 Κλεοβουλίναις,
1988 2335 2176 2394 quam
2206 2313 2369 2373 Dio-
2418 2314 2427 2321 “

309 2441 502 2504 genes
543 2420 831 2492 Laertius
875 2420 918 2480 Ι.
966 2424 1044 2502 89
1107 2419 1326 2481 Pollux
1371 2420 1453 2483 X.
1503 2423 1636 2482 205.
1671 2419 1734 2478 in
1772 2418 2136 2479 melioribus
2164 2417 2365 2481 Codd.

246 2504 257 2517 x
308 2525 512 2603 MSS„
568 2524 951 2609 Hephaestio
1012 2523 1272 2586 Euchir.
1340 2549 1434 2608 ¹7·
1495 2531 1592 2590 ιδ.
1640 2525 1746 2592 ed.
1786 2526 1977 2590 G-aisf.
2020 2524 2365 2609 Hesychius

309 2656 373 2694 v.
437 2629 674 2713 Αἴθης,
725 2632 987 2693 Photius
1048 2633 1193 2693 Lex.
1253 2656 1312 2694 v·
1372 2633 1637 2714 Σκὰλοψ
1678 2645 1742 2696 et
1789 2633 2114 2720 Φέροικος,
2159 2635 2369 2693 Zeno-

309 2740 455 2801 hius
502 2738 909 2799 Proverhior.
944 2738 1049 2804 V.
1117 2759 1210 2821 ¹4·
1266 2748 1332 2801 et
1388 2739 1748 2866 Athenaeus
1809 2741 1919 2818 IV,
1974 2763 2040 2824 p.
2114 2759 2248 2819 171.
2291 2740 2365 2799 Β.

310 2856 597 2923 tuentur,
641 2844 1049 2906 restituenda.

476 2951 691 3014 Simile
729 2961 1167 3034 argumentum
1194 2952 1727 3037 Πυθαγοριζουσα
1767 2963 2066 3033 tractasse
2094 2951 2366 3014 videtur.

310 3059 382 3120 Si
430 3060 907 3122 comoediarum
948 3064 1338 3123 Graecarum
1380 3063 1735 3148 catalogum
1782 3064 2145 3146 perlustras,
2179 3082 2370 3145 saepe

319 3175 626 3227 notantur
667 3166 785 3228 tibi
824 3166 1010 3228 huius
1051 3168 1300 3230 fabulae
1344 3169 1607 3246 indiceS,
1654 3169 1823 3231 unde
1858 3180 2123 3253 apparet
2146 3178 2369 3253 poetas

311 3272 593 3333 comicos
634 3296 1018 3357 magnopere
1071 3274 1416 3336 delectatos
1464 3297 1595 3338 esse
1638 3274 1763 3336 hoc
1806 3286 2178 3360 argumento
2223 3274 2368 3338 ido-

313 3402 440 3444 neo
485 3402 634 3443 sane
686 3381 767 3440 ad
809 3382 965 3443 sales
1005 3383 1182 3443 vario
1224 3381 1416 3443 modo
1458 3382 1896 3465 proferendos.
1999 3382 2373 3445 Laudantur

307 3487 747 3571 Aristophanis
791 3482 1217 3570 Πυθαγόρειοι
1271 3488 1496 3549 Athen.
1559 3488 1666 3551 1V.
1729 3512 1793 3572 p.
1857 3494 2027 3561 161.;
2103 3489 2370 3551 Alexidis

312 3592 850 3678 Πυθαγοριζουσα
890 3594 1059 3677 apud
1081 3594 1471 3657 Athenaeum
1511 3595 1618 3656 ΙΙΙ.
1660 3621 1724 3680 p.
1773 3616 1909 3661 ι22.
1934 3598 2006 3657 F.
2092 3595 2187 3656 cf.
2222 3596 2374 3656 Rei-

311 3726 444 3765 nes.
488 3705 674 3769 Varr.
718 3703 920 3762 Lectt.
966 3703 1073 3762 111.
1118 3723 1174 3778 c,
1216 3707 1274 3766 3.
1323 3713 1388 3763 et
1427 3704 1915 3786 Πυθαγοριστῆς
1953 3658 2373 3788 Aristophon-

311 3811 412 3871 tis.
472 3810 647 3870 Suid.
713 3793 1145 3892 Πυθαγόρης.
1223 3810 1438 3898 Quum
1499 3830 1572 3870 ex
1634 3810 1874 3870 Cratini
1931 3809 2146 3869 fabula
2185 3809 2374 3872 huius

313 3918 586 3980 nominis
627 3918 982 4000 fragmenta
1024 3916 1106 3977 ad
1144 3925 1427 3978 nostram
1466 3926 1736 3978 aetatem
1778 3915 1951 3976 nulla
1996 3911 2372 3999 pervenere,

310 4023 490 4085 locus
543 4034 756 4085 tamen
820 4033 1014 4085 exstat
1074 4021 1242 4105 apud
1297 4023 1651 4106 Diogenem
1695 4021 2019 4084 Laertium
2062 4025 2227 4085 VIII.
2271 4031 2371 4105 39.

310 4128 608 4215 idemque
651 4104 1093 4212 transscriptus
1139 4128 1307 4213 apud
1351 4128 1613 4194 Suidam
1654 4152 1711 4192 v.
1757 4123 2132 4214 Ξενοφάνης,
2204 4130 2392 4193 unde
