3119 5087
1118 474 1216 501 ...ι
1313 389 1611 523 gif-..5

325 639 581 702 fabulae
623 636 1081 717 oeconomiam,
1130 661 1319 723 quam
1361 638 1592 702 Graeci
1634 647 1888 717 vocant,
1923 636 2175 722 singulis
2205 637 2384 703 lineis

324 747 712 829 descriptam
787 746 1058 809 servavit
1134 747 1315 808 nobis
1391 746 1743 809 Scholiasta
1816 746 1899 808 ad
1950 747 2387 833 Aristophanis

322 853 589 938 Equites
631 875 691 912 v.
732 858 908 934 399.:

491 959 700 1019 Finxit
766 956 1176 1019 Comoediam
1247 979 1360 1021 seu
1437 960 1683 1019 Musam
1759 954 2070 1020 comicam
2128 966 2391 1022 nitorem

333 1087 509 1152 suam
553 1086 705 1141 esse,
751 1086 912 1146 quae
951 1064 1289 1125 divortium
1323 1065 1534 1125 facere
1574 1074 1762 1147 atque
1804 1075 2073 1150 propter
2098 1062 2392 1128 inertiam

330 1170 754 1253 inim-iamque
817 1170 934 1230 sibi
1005 1169 1244 1231 illatam
1320 1170 1496 1232 litem
1581 1160 1718 1256 ipsi'
1760 1171 2094 1253 intendere
2156 1175 2390 1257 coepit.

330 1276 537 1341 Amici
581 1276 821 1337 Cratini
861 1276 1204 1338 adveniunt
1248 1299 1582 1361 causaque,
1628 1300 1744 1339 cur
1784 1289 2015 1364 poetae
2055 1290 2394 1364 tantopere

331 1385 664 1462 irascatur,
725 1382 959 1460 audita,
1020 1392 1247 1466 rogant
1289 1405 1450 1462 eam,
1494 1405 1577 1445 ne
1618 1395 1861 1447 temere
1901 1408 2040 1447 rem
2078 1395 2209 1471 tam
2250 1409 2400 1470 gra-

330 1513 481 1552 vem
541 1488 963 1572 aggrediatur,
1027 1499 1217 1572 atque
1263 1488 1659 1572 pollicentur·
1694 1489 1967 1575 denique
2007 1513 2140 1553 sese
2184 1493 2399 1555 enisu-

332 1618 443 1659 ros
490 1617 621 1657 esse
664 1617 785 1679 pro
829 1594 1118 1673 viribu8,'
1145 1604 1217 1659 ut
1273 1596 1613 1657 amicitiam
1655 1602 1802 1658 cum
1842 1599 2071 1660 marito
2112 1609 2243 1661 tam
2285 1599 2399 1661 diu

335 1712 649 1766 servatam
710 1701 777 1763 in
837 1701 1173 1785 pristinum
1231 1693 1462 1763 statum
1500 1705 1930 1765 restituerent.
2029 1704 2140 1766 Illa
2185 1701 2399 1767 autem

335 1808 777 1892 conqueritur,
819 1807 994 1891 quod
1038 1808 1328 1869 Cratinus
1372 1808 1717 1871 Comoedia
1757 1810 1947 1894 plane
1988 1812 2210 1873 relicta
2253 1811 2402 1872 nul-

335 1917 429 1977 las
501 1916 743 1977 fabulas
803 1914 1081 1998 amplius
1161 1914 1445 1993 doceret,
1509 1936 1719 1999 neque
1779 1904 2197 2000 componeret
2254 1916 2400 2001 (τοῦ

335 2016 750 2104 ἆγωνιζεσθυιι
789 2013 1069 2095 ἀποστὰς
1108 2020 1216 2083 καί
1253 2018 1653 2106 συγγράφειν)
1709 2022 1822 2084 sed
1859 2021 2175 2085 Ebrietati
2212 2044 2403 2085 vaca-

338 2137 463 2189 ret.
549 2128 792 2205 Quibus
832 2128 1072 2189 ‘auditis
1133 2128 1369 2189 adeunt
1429 2129 1614 2188 amici
1656 2129 1983 2190 Cratinum
2026 2130 2210 2212 eique
2246 2152 2404 2212 per-

338 2233 610 2309 suadere
655 2233 931 2310 student,
990 2243 1062 2294 ut
1104 2232 1639 2294 adComoediam
1679 2244 2042 2295 revertatur
2089 2244 2156 2296 et
2194 2235 2406 2299 virum

338 2362 480 2402 sese
519 2349 819 2423 praestet.
903 2340 1105 2400 Sicuti
1144 2361 1297 2400 vero
1340 2339 1687 2422 Sophocles
1739 2339 2077 2423 aliquando
2125 2340 2404 2402 insaniae

341 2459 672 2510 accusatus
724 2446 1048 2530 praelecta
1110 2465 1327 2505 coram
1383 2443 1696 2505 iudicibus
1742 2444 1969 2505 illustri
2009 2444 2224 2507 fabula
2272 2446 2408 2507 Oe·-

343 2557 478 2641 dipi
536 2555 800 2616 Colonei
856 2571 1073 2614 omnes
1134 2526 1367 2634 erroris
1436 2551 1654 2614 delicti
1728 2549 2048 2629 convicit,·
2107 2553 2408 2636 omnique

341 2673 517 2725 mota
560 2662 864 2723 hactenus
907 2657 1264 2742 suspicione
1312 2658 1613 2720 liberatus
1658 2666 1771 2734 est,
1830 2658 1917 2718 ita
1959 2679 2215 2742 quoque
2248 2660 2408 2720 Cra-

343 2771 536 2847 tinuS,
601 2778 673 2829 ut
726 2766 953 2827 mentis
1012 2775 1376 2849 compotem
1424 2787 1491 2826 se
1528 2774 1885 2848 praestaret
1926 2772 1991 2825 et
2034 2766 2405 2827 comoedia-

340 2899 490 2939 rum
546 2872 1031 2936 scribendarum
1093 2872 1371 2933 studi-um
1429 2872 1663 2933 viribus
1726 2871 1985 2955 integris
2041 2871 2296 2949 florere,
2347 2883 2414 2935 et

345 2985 532 3043 firmo
574 2981 813 3042 robore
855 2978 1124 3039 multum
1172 2978 1382 3039 valere
1426 2978 1811 3055 ostenderet,
1877 2978 2107 3040 multos
2147 2979 2303 3041 sales
2348 2989 2414 3041 et

343 3087 673 3172 ingeniosa
732 3084 998 3147 dicteria
1050 3083 1272 3144 iambis
1325 3085 1575 3167 prolata
1601 3065 1609 3076 κ
1637 3085 1701 3145 in
1761 3107 1936 3146 suam
1981 3085 2415 3148 defensionem

345 3195 519 3279 apud
562 3213 704 3253 suos
746 3185 1144 3252 'accusatores
1189 3190 1429 3252 offudit.
1514 3192 1622 3251 His
1668 3192 1822 3253 iocis
1863 3190 2123 3275 prolatis
2166 3193 2413 3275 pergit:

345 3295 527 3363 ἀλλ’
593 3295 1242 3380 ἐπαναστρέψαι
1307 3292 1720 3378 βούλομαι
1786 3298 1909 3373 εἰς
1962 3300 2100 3361 τόν
2149 3283 2415 3382 ’λόγον

347 3404 770 3490 πρότερον
825 3404 1158 3477 ἐκεῖνος
1209 3406 1410 3486 πρὸς
1466 3397 1755 3485 ἑτέραν
1811 3414 2162 3487 γυναῖκα
2202 3403 2413 3487 ἔχων

344 3514 483 3575 τόν
519 3513 760 3587 νοῦν,
811 3510 1079 3583 κακᾶς
1123 3507 1348 3572 εἴήοι
1389 3512 1599 3592 πρῦς
1657 3506 1984 3600 ἑτέραν,
2045 3504 2216 3575 ἄλλ’
2251 3506 2417 3591 ἅμα

345 3619 494 3701 μὲν
541 3619 629 3681 τὸ
686 3618 973 3701 γῆρας,
1031 3611 1195 3697 ἅμα
1253 3614 1338 3681 δέ
1393 3640 1540 3702 μοι
1599 3596 2240 3681 δοκὲῖ·οὖδέποτ’
2282 3613 2408 3681 αὖ-

347 3726 494 3790 τοῦ
538 3721 993 3809 πρότερον,
1035 3722 1142 3785 καί
1173 3724 1251 3785 τὰ
1293 3720 1454 3804 ἑξῆς.
1538 3723 1711 3785 Haec
1754 3726 1954 3787 verba
1991 3747 2197 3808 nuper
2242 3725 2408 3786 Din-

352 3836 589 3895 dorfius
646 3832 927 3916 primum
982 3831 1207 3891 litteris
1264 3832 1462 3914 ‚paulo
1523 3831 1831 3892 distinctis
1901 3830 2160 3914 exprimi
2202 3831 2417 3903 iussit;

346 3942 547 4001 verba
609 3939 745 4023 ipsa
810 3948 874 4000 et
933 3938 1388 4023 quaestionem,
1453 3936 1777 4020 quomodo
1834 3937 2115 3998 versibus
2159 3938 2419 4021 integris

351 4046 709 4129 adaptanda
769 4046 914 4123 sint,
985 4067 1196 4121 nem0,
1262 4055 1568 4127 quantum
1613 4045 1764 4123 scio,
1825 4045 2052 4129 tetigit.
2153 4047 2419 4107 Rectam

303 4222 307 4225 ⁴
347 4151 536 4215 huius
579 4153 873 4238 corrupti
911 4152 1249 4239 fragmenti
1295 4150 1908 4242 interpretationem,
1946 4151 2122 4240 undet
2145 4152 2420 4235 genuina
