3119 5087
1126 428 1223 444 -
1324 403 1414 470 75
1494 409 1617 444 ·....

670 489 696 569 5

328 585 445 645 Est
487 584 665 645 locus
718 585 1251 668 corruptissimus,
1299 585 1404 646 cui
1449 606 1531 646 ne
1573 566 1904 668 vestigium
1949 587 2111 648 inest
2150 586 2401 648 fabulae

328 692 602 769 Cratini,
647 692 696 754 si
740 701 1037 753 accurate
1085 670 1335 754 confers
1369 692 1585 752 locum
1625 715 1696 753 ex
1736 690 2209 775 Hephaestione
2239 693 2405 773 (En-

326 798 491 863 chir.
532 822 598 882 p.
653 818 747 880 14.
793 803 876 876 3.)
919 796 1066 880 περὶ
1104 797 1457 878 συλλαβῶν,
1501 798 1612 859 ubi
1658 797 1925 881 legitur:
1978 789 2147 879 ἓνΗὸη
2189 796 2406 878 μέντοι

323 902 364 987 ἦ
416 908 520 968 διὰ
557 906 673 968 τοῦ
711 904 799 986 ’,ἷιῖ
839 901 1126 980 σύνταξις
1166 901 1425 985 ἐποίησέ
1468 927 1592 966 που
1637 902 1745 966 καὶ
1780 909 2093 990 βραχεῖαν,
2127 900 2211 978 ὡς
2238 906 2409 989 παρὰ

327 1010 627 1098 Κρατίνῳ
672 1013 740 1075 ἐν
783 1010 1169 1085 Πανόπταις·

569 1112 1190 1202 ῗΑλλοτριογνώμοις,
1232 1112 1638 1198 ἕπιλὴσμοσι,
1680 1124 2142 1205 μνημονικοΐσι.

332 1226 497 1287 Cum
540 1225 712 1309 apud
751 1227 1071 1297 incertum
1127 1225 1612 1307 grammaticum
1653 1225 1923 1285 Bekkeri
1972 1225 2165 1287 unica
2213 1236 2408 1288 exstet

334 1334 579 1421 men-tio
645 1333 918 1411 fabulae,
995 1356 1186 1416 quam
1242 1332 1348 1392 ille
1400 1324 2057 1419 Ἀλλοτρρογνώμονας
2116 1334 2408 1410 vocabat,

333 1442 441 1503 illa
483 1462 638 1503 vero
669 1440 905 1518 fabula,
938 1434 1270 1503 Πανὸιται
1293 1438 1617 1520 inscripta,
1645 1438 1881 1520 pluries
1920 1439 2091 1521 apud
2126 1439 2408 1517 Suidam,

330 1547 687 1624 Pollucem,
755 1526 1310 1642 Hephaestionem,
1372 1544 1790 1605 Scholiastam
1845 1545 2280 1629 Aristophanis
2348 1555 2414 1607 et

333 1655 601 1716 Homeri
668 1653 951 1736 aliosque
1012 1652 1280 1735 legatur,
1340 1651 1480 1714 fieri
1540 1651 1840 1712 facillime
1882 1661 2159 1736 poterat,
2204 1662 2275 1713 ut
2315 1653 2415 1713 in-

336 1760 559 1823 doctus
604 1760 1045 1843 grammaticus
1087 1760 1152 1819 in
1199 1759 1443 1820 Cratini
1479 1758 1648 1836 loco,
1717 1760 1826 1845 qui
1869 1770 2111 1820 certam
2154 1781 2414 1823 comoe-

336 1844 681 1944 moediam,
753 1876 826 1926 ut
887 1866 1243 1949 saepissime
1301 1868 1393 1944 fit,
1461 1867 1656 1952 igitur
1714 1868 1841 1929 hoc
1885 1868 2028 1929 loco
2074 1862 2417 1940 Πανόπτας

336 1994 468 2035 non
512 1973 858 2050 indicabat,
902 1973 967 2032 in
1012 1973 1220 2057 primo
1262 1975 1577 2035 vocabulo
1621 1974 1876 2035 titulum
1939 1975 2191 2037 fabulae
2238 1975 2417 2036 inve·-

336 2079 478 2141 nire
522 2080 643 2141 sibi
681 2079 1030 2156 videretur,
1072 2101 1450 2163 versumque
1494 2081 1785 2142 lacerans
1829 2082 2088 2147 titulum
2128 2082 2414 2163 fingeret.

254 2216 259 2235 ·
335 2189 550 2249 Debet
625 2196 840 2248 tamen
896 2185 1378 2277 Hephaestionis
1439 2185 1617 2247 locus
1682 2208 1717 2248 e
1777 2187 2187 2270 grammatico
2248 2186 2419 2270 apud

336 2294 696 2356 Bekkerum
760 2292 1086 2356 emendari
1148 2303 1212 2354 et
1253 2292 1513 2376 quidem
1552 2285 2134 2375 ἇλλοτριογνώμοσι
2171 2293 2420 2354 restitui

337 2424 459 2486 pro
526 2395 1111 2497 ἆλῖλοτριογνώμοις,
1170 2400 1364 2485 quod,
1408 2409 1482 2461 ut
1528 2410 1704 2461 recte
1756 2399 1837 2460 ad
1882 2399 2419 2483 Hephaestionem

228 2566 235 2571 .
339 2508 463 2571 viri
531 2507 704 2570 docti
761 2506 1202 2587 coniecerunt,
1242 2517 1425 2571 certo
1473 2506 1798 2591 analogiae
1842 2507 2164 2592 praesidio
2209 2518 2418 2578 earet;
2508 2528 2515 2538 ·

339 2611 727 2696 ἐπιλήσμοσι
779 2637 933 2678 vero
1001 2616 1069 2677 in
1135 2616 1529 2701 grammatici
1574 2616 1871 2700 anonymi
1910 2615 2126 2676 locum
2173 2636 2243 2678 ex
2290 2615 2421 2675 He-

338 2722 715 2806 phaestione
782 2724 1313 2786 *transferendum
1364 2746 1486 2807 pro
1565 2733 1871 2805 corrupto
1943 2716 2422 2801 ἐπιλήσμουσιν.

341 2833 445 2891 De
491 2851 675 2891 sensu
714 2830 900 2892 huius
945 2852 1162 2893 versus
1194 2852 1322 2891 non
1347 2830 1534 2891 facile
1571 2829 1791 2913 aliquis
1817 2827 2241 2911 probabiliter
2265 2849 2422 2889 con-

342 2937 543 3015 iiciat,
608 2952 804 3022 'quum
849 2961 920 3000 ex
961 2939 1390 3023 sequentibuS,
1443 2959 1605 3020 quae
1651 2934 1983 3018 deperdita
2031 2943 2201 3009 sunt,
2243 2933 2422 2999 haud

346 3045 545 3106 dubie
587 3045 847 3128 pendet.
1348 3039 1351 3042 ’

512 3152 574 3214 Γ
585 3176 610 3214 ε
632 3148 923 3225 ι’τονες.
1023 3150 1196 3213 Haec
1257 3149 1472 3211 sabula
1528 3170 1660 3210 uno
1714 3160 1963 3214 tantum
2002 3150 2145 3212 loeo
2191 3150 2423 3212 incerti

343 3259 742 3341 grammatici
786 3257 934 3344 περὶ
970 3254 1312 3333 συντάξεως
1353 3258 1418 3317 in
1467 3257 1738 3318 Bekkeri
1759 3258 1996 3318 Anecff.
2026 3260 2138 3318 Gr.
2172 3280 2236 3341 p.
2286 3279 2421 3339 144.

342 3384 851 3448 270perperam
914 3364 1174 3424 Cratino
1229 3364 1569 3435 tribuitur3
1630 3364 1970 3425 referenda
2027 3375 2120 3425 est
2162 3366 2423 3430 omnino

346 3470 430 3531 ad
476 3457 820 3549 Cratetem,
892 3472 992 3531 eui
1038 3470 1249 3531 multis
1293 3480 1584 3531 veterum
1624 3470 1999 3530 testimoniis
2041 3471 2425 3549 vindicatur,

343 3577 624 3661 ideoque
684 3577 855 3675 apud
916 3577 1437 3654 Grammaticum,
1500 3597 1693 3660 quem
1737 3575 2018 3655 diximus,
2088 3558 2425 3659 legentium

343 3680 608 3768 Κράτης
656 3681 963 3747 Γείτοσιν.
1165 3728 1174 3740 .
1423 3769 1428 3775 .
1496 3665 1511 3687 Ἰ

514 3790 915 3865 Γλαῦκος.
996 3790 1354 3853 Athenaeus
1401 3791 1479 3852 II.
1521 3813 1587 3876 p.
1633 3793 1732 3854 68.
1766 3791 1835 3852 Α.
1874 3790 2066 3874 dicitz
2108 3793 2425 3876 Κρατῖνος

347 3900 414 3966 T
409 3896 639 3986 λάυκῳ·
1045 3923 1058 3944 -·
1525 3934 1530 3940 ·

687 3998 780 4071 Οὔ
825 4008 986 4090 πρὸς
1028 4002 1260 4079 παντός
1308 4003 1478 4069 ἐστιν
1519 3998 1784 4088 ἆρτῦσαι
1832 4004 2057 4077 καλῶς.

347 4113 764 4176 Recentiores
808 4114 1117 4177 Athenaei
1161 4113 1566 4196 interpretes,
1618 4133 1762 4174 cum
1805 4120 2081 4175 metrum
2131 4106 2425 4176 viderent

772 4296 805 4324 t
