3119 5087
1495 421 1986 495 ..54-

702 616 869 678 Nub.
928 617 1118 698 9²00>
1180 612 1259 674 de
1315 612 1619 674 Telenico
1667 611 1862 691 (Suid.
1926 609 2341 711 Τελενικῆσαι.
2379 604 2568 671 Phot.
2618 587 2763 671 Lex.

721 719 1161 800 Τελενεκίσαι),
1200 721 1279 782 de
1312 704 1721 804 Xenophane
1743 720 1956 802 (Diog.
2002 721 2214 781 Laert.
2254 718 2418 779 VIII.
2458 723 2557 798 37.
2587 710 2762 775 Suid.

708 850 764 889 v.
817 823 1223 911 Ξενοφάνης),
1270 827 1361 888 de
1391 830 1713 911 Lampone
1753 826 1915 887 Vate
1961 821 2767 904 (5ηἰι1.Κυβηλι’σάι.Ρ1ιι-

706 933 909 996 tarch.
972 935 1255 1017 Sympos„
1311 935 1448 998 VII.
1510 938 1569 998 8.
1670 932 1866 994 Huius
1926 954 2112 1016 saepe
2161 932 2400 995 mentio
2446 931 2625 990 fitz-in
2667 930 2764 990 fa-

706 1041 860 1101 bula
901 1038 1282 1123 Δραπέτιδες
1312 1041 1650 1123 inscripta,
1698 1061 1859 1123 quae
1903 1039 2127 1100 multas
2170 1058 2269 1098 res
2312 1057 2519 1129 sacras
2549 1046 2612 1097 et
2654 1058 2761 1098 ce·-

705 1149 1021 1211 remonias
1066 1147 1129 1208 in
1172 1169 1362 1209 scena
1397 1147 1741 1207 ostendisse
1769 1145 2064 1222 videtur),
2098 1162 2295 1227 porro
2326 1141 2405 1203 de
2435 1143 2762 1226 Cercyone

710 1254 909 1333 (Suid.
932 1248 1363 1334 Ἀποπάτημα.
1389 1252 1596 1336 Etym.
1619 1255 1717 1313 M.
1757 1247 2126 1324 Ἀπόπατος.
2162 1244 2429 1334 Hesych.
2468 1272 2525 1311 v.
2549 1243 2794 1334 Ἀγερ-,

708 1360 1053 1442 σικυβῆλις.
1152 1359 1378 1421 Athen.
1437 1360 1604 1421 VIII.
1661 1381 1724 1443 p.
1782 1366 1922 1439 344.
1977 1360 2070 1435 Ε.)
2119 1368 2181 1419 et
2230 1358 2496 1420 Platone
2558 1358 2761 1441 (Diog‚

707 1469 917 1528 Laert.
955 1468 1058 1527 III.
1098 1470 1244 1543 aa),
1290 1465 1369 1527 de
1409 1465 1811 1550 Polymnesto
1850 1466 2051 1543 (Suid.
2088 1458 2517 1545 Πολῦνηστος.
2546 1461 2756 1524 Scliol.

708 1573 790 1633 ad
848 1570 1166 1654 Aristoph.
1228 1574 1344 1655 Eq.
1413 1576 1609 1652 1284.)
1672 1582 1737 1634 et
1777 1572 2174 1656 Ekphantide
2219 1571 2581 1656 (Hephaest.
2628 1572 2762 1631 En-

709 1679 867 1741 chir.
895 1684 1011 1761 ¹96.
1065 1683 1181 1755 15.)
1225 1678 1561 1760 multisque
1605 1679 1759 1739 aliis.
2705 1712 2712 1715 ,

872 1786 941 1844 In
988 1784 1219 1861 fabula,
1266 1780 1724 1867 Ιῼεοβουλῖναι
1765 1784 2087 1867 inscripta,
2120 1784 2541 1846 inducebatur
2571 1785 2761 1845 Cleo-

706 1890 947 1968 bulina,
994 1890 1282 1965 Cleobuli
1319 1890 1529 1951 Lindii
1572 1890 1721 1969 filia,
1782 1890 2153 1975 αῖνψμάτων
2193 1885 2543 1977 ἑξαμέτρων
2582 1890 2762 1973 mm}-

705 2020 850 2078 τρια
914 1996 1122 2079 (Diog.
1194 1999 1402 2059 Laert.
1462 1999 1508 2058 Ι.
1568 2000 1723 2079 89.).
1825 1999 2091 2060 Celebre
2143 1999 2305 2059 illius
2350 2001 2635 2082 aenigma
2681 1998 2757 2060 de

711 2103 1081 2164 cucurbitae
1126 2103 1545 2185 applicatione
1594 2114 2048 2167 commemorat
2088 2106 2453 2167 Aristoteles
2496 2105 2757 2165 Rhetor.

711 2211 816 2270 ΙΙΙ.
863 2231 920 2296 c.
969 2232 1022 2271 ι.
1068 2216 1131 2269 et
1171 2208 1493 2269 Plutarch.
1537 2209 1605 2270 in
1648 2211 1951 2272 Convivio
2000 2212 2371 2295 sapientum.
2454 2213 2554 2271 De
2595 2210 2759 2270 illius

709 2315 1071 2398 aenigmatis
1131 2315 1386 2377 uberius
1451 2315 1726 2398 disputat
1787 2309 2142 2379 Athenaeus
2200 2320 2282 2391 X.
2334 2340 2397 2400 p.
2455 2320 2595 2397 448.
2663 2318 2758 2394 Β.,

711 2421 822 2482 ubi
882 2421 1252 2483 consulendi
1311 2431 1456 2483 sunt
1497 2423 1895 2505 interpretes.
1980 2423 2154 2484 Adeo
2203 2423 2440 2484 illustre
2480 2422 2762 2484 habeba-

708 2538 817 2590 tur
871 2527 1001 2589 eius
1046 2551 1304 2607 nomen,
1351 2538 1424 2592 ut
1486 2529 1552 2590 in
1609 2529 1937 2592 Plutarchi
1991 2529 2137 2592 loco
2181 2553 2216 2591 a
2256 2531 2521 2592 Thalete
2569 2531 2757 2614 σοφὴ,
2814 2565 2820 2572 ·

709 2633 788 2694 ab
835 2632 968 2695 aliis'
1009 2630 1391 2718 περιβόητος,
1436 2636 1515 2696 ab
1558 2636 1695 2718 ipso
1734 2646 1916 2719 patre
1965 2635 2272 2697 Cleobule
2312 2627 2560 2718 εὗμητις
2587 2637 2764 2698 dice-

709 2750 910 2801 retur.
1017 2742 1357 2819 Quomodo
1416 2742 1708 2802 Cratinus
1767 2743 1834 2802 in
1877 2742 1998 2804 hac
2055 2741 2271 2803 fabula
2331 2742 2764 2805 adumbranda

711 2845 1086 2908 Cleobulina
1140 2868 1282 2907 usus
1325 2847 1429 2924 sit,
1466 2847 1647 2909 vario
1686 2847 1879 2908 modo
1922 2848 2229 2932 suspicari
2271 2867 2399 2909 non
2443 2859 2617 2910 certe
2661 2843 2764 2911 exss-

677 2957 954 3039 'ponere
997 2975 1347 3037 possumuS,
1392 2975 1539 3015 cum
1584 2954 1649 3015 in
1679 2954 1863 3015 huius
1889 2956 2140 3017 fabulae
2174 2955 2560 3040 fragmentiS‚
2599 2976 2761 3038 quae

710 3070 1071 3143 supersunt,
1117 3059 1276 3121 nihil
1316 3060 1481 3138 insit,
1524 3059 1697 3143 quod
1738 3071 1985 3123 certum
2026 3061 2285 3144 aliquod
2325 3061 2764 3144 argumentu‘m

709 3168 1062 3228 confirmet.
1145 3166 1364 3226 Restat
1405 3188 1625 3243 unum,
1673 3167 1753 3228 de
1792 3189 1918 3250 quo
1959 3188 1995 3229 e
2019 3167 2308 3249 Diogene
2337 3167 2591 3229 Laertio
2623 3188 2764 3227 mo-

622 3281 625 3286 ’
708 3294 964 3334 neamus
1009 3294 1263 3334 necesse
1311 3282 1422 3351 est,
1464 3273 1630 3333 hanc
1676 3273 1952 3335 fabulam
1993 3273 2242 3358 plurali
2266 3295 2532 3335 numero
2581 3273 2766 3356 (πλη.

705 3379 1037 3463 θὐντικῶς)
1095 3363 1463 3464 inscriptam
1525 3402 1655 3443 esse
1721 3404 1759 3441 a
1815 3382 2110 3453 Cratin03
2153 3403 2277 3464 qua
2324 3381 2765 3442 observatione

710 3487 948 3571 aliquid
1006 3487 1162 3548 lucis
1222 3488 1542 3571 accipiunt
1599 3488 1706 3549 alii
1761 3488 2118 3549 fabularum
2200 3487 2443 3548 Cratini
2502 3484 2763 3563 indiceS,

709 3596 818 3676 qui
877 3593 1085 3676 primo
1145 3595 1377 3656 obtutu
1426 3615 1556 3655 non
1616 3594 1821 3656 levem
1881 3594 2317 3656 difficultatem
2358 3593 2649 3670 excitant,
2695 3602 2769 3653 ut

706 3709 853 3760 sunt
879 3694 1243 3783 Ἀρχίλοχοι
1280 3711 1345 3762 et
1375 3695 1712 3774 Ὀδυσσεῖς.
1796 3689 1958 3762 Cum
1994 3702 2161 3762 inter
2193 3700 2573 3777 comoedias,
2604 3720 2766 3783 quae

708 3806 888 3866 nobis
929 3817 1219 3869 servatae
1271 3819 1417 3870 sunt
1457 3808 1627 3891 apud
1667 3806 2172 3890 Aristophanem,
2218 3807 2392 3867 nulla
2437 3816 2630 3868 exstet
2654 3806 2763 3866 tali

696 3913 901 3975 -mode
937 3915 1260 3997 inscripta,
1287 3915 1709 3998 probabiliter
1751 3914 1907 3974 mihi
1947 3913 2171 3976 videor
2210 3913 2531 3973 coniicere
2578 3933 2647 3973 ex
2673 3912 2771 3971 in-

709 4020 852 4081 dice
910 4020 1269 4081 fabularum
1320 4020 1565 4081 Cratini
1624 4020 2016 4104 aliarumque
2068 4019 2300 4103 plurali
2359 4039 2627 4110 numero
2670 4017 2772 4078 in·-

706 4127 1087 4214 scriptarum
1144 4126 1513 4214 primariam
1555 4127 1809 4192 fabulae
1854 4148 2195 4241 personam
2240 4125 2519 4211 conspici
2563 4145 2767 4210 posse,
