3119 5087
1510 385 2001 456 ...36-

722 576 917 640 suida
975 585 1134 638 teste
1178 573 1245 636 id
1285 573 1457 660 quod
1502 570 1815 637 Φλασκων
1858 573 2051 657 igitur
2093 542 2200 632 ucis
2240 567 2560 633 vinarium'
2582 571 2782 633 iuncis

715 695 782 746 et
846 682 1082 745 vimine
1141 681 1412 744 firmiter
1465 680 1716 767 plexum
1772 690 1837 742 et
1895 680 2039 763 pice
2093 678 2320 740 illitum
2381 684 2783 762 (quamquam

718 811 905 872 saepe
970 787 1094 849 alia
1135 788 1384 849 ratione
1425 787 1773 870 expositum
1815 796 1908 848 est
1955 808 1992 846 a
2033 784 2182 846 viris
2228 782 2473 861 doctis).
2581 787 2782 847 Πυτι..

718 890 1027 969 νοπλόκος
1068 904 1162 956 est
1203 893 1365 971 talis,
1416 895 1524 978 qui
1573 892 1859 954 vimineis
1905 892 2061 954 vasis
2094 890 2372 952 texendis
2403 890 2643 951 victum
2665 888 2785 949 sibi

716 1000 991 1084 quaerit,
1036 1001 1234 1084 qualis
1278 1000 1644 1083 Diitrephes
1685 996 2044 1060 traducitur
2078 996 2144 1057 in
2171 993 2603 1079 Aristophanis
2635 995 2786 1056 Avi-

714 1107 834 1168 bus
897 1130 1035 1189 799.
1073 1129 1090 1177 ;
1136 1105 1372 1167 dicitur
1429 1108 1601 1167 enim
1655 1101 1915 1177 πυτίνας
1970 1101 2216 1165 πλέκειν
2260 1102 2476 1179 (Schol
2520 1099 2602 1163 ad
2640 1101 2785 1162 Ari-

722 1211 935 1296 stoph.
995 1212 1036 1272 l.
1099 1216 1200 1290 c.).
1304 1212 1606 1273 Ceterum
1663 1211 1742 1272 de
1798 1188 2112 1272 vocabulo
2154 1208 2376 1290 πυτίνη
2418 1209 2613 1270 fusius
2659 1208 2788 1269 dis-

719 1328 1029 1402 putarunt
1111 1317 1490 1401 interpretes
1552 1316 1637 1379 ad
1693 1317 1808 1379 lul.
1859 1317 2017 1380 Poll.
2080 1317 2313 1378 Onom.
2371 1317 2454 1377 X.
2518 1319 2615 1380 58.
2682 1314 2782 1376 ed.

724 1425 1084 1486 Hemsterh.
1150 1424 1235 1487 ad
1295 1425 1603 1488 Clement.
1657 1422 1988 1488 Alexandr.
2046 1422 2280 1484 Strom.
2338 1425 2482 1500 265,
2535 1425 2635 1501 48.
2682 1421 2782 1484 ed.

719 1532 891 1615 Syll).
937 1540 1002 1592 et
1042 1530 1124 1592 ad
1164 1531 1391 1592 Athen.
1444 1531 1550 1591 111.
1596 1552 1659 1615 p.
1703 1549 1802 1612 94.
1845 1529 1916 1591 F.
1996 1528 2421 1612 Explicuimus
2459 1549 2648 1611 supra
2687 1527 2786 1589 lo-

719 1659 868 1698 cum
911 1659 982 1699 ex
1016 1636 1450 1721 Aristophanis
1490 1637 1849 1720 Equitibus‚
1894 1636 1961 1696 in
2004 1636 2227 1720 quibus
2265 1633 2556 1696 Cratinus
2592 1655 2784 1700 accu-

720 1744 1000 1820 sabatur,
1048 1731 1221 1826 ‹iuod
1262 1743 1327 1803 in
1371 1742 1541 1804 diem
1580 1743 1823 1804 viveret
1859 1742 2156 1826 feriisque
2189 1742 2353 1803 iusto
2390 1741 2783 1824 longioribus

719 1848 1069 1909 frueretur.
1172 1847 1353 1910 Hanc
1407 1848 1878 1927 accusationem
1933 1848 2126 1932 paulo
2183 1847 2567 1932 iniquiorem
2626 1869 2781 1924 esse,

724 1954 875 2037 ipsis
928 1963 1223 2016 veterum
1273 1954 1646 2017 testimoniis
1709 1954 2039 2038 probatur,
2098 1976 2244 2015 cum
2303 1954 2547 2016 duobus
2608 1953 2794 2014 annis.

726 2072 874 2124 ante
937 2061 1063 2137 (Ol.
1123 2062 1476 2137 LXXXIX,
1526 2083 1614 2133 ι.;
1671 2068 1813 2142 4²3·
1878 2084 1914 2122 a
1957 2060 2130 2137 Chr.)
2176 2060 2307 2122 eius
2350 2055 2787 2140 Χειμαζύμενα

725 2189 873 2227 cum
928 2166 1362 2250 Aristophanis
1427 2164 1955 2246 Acharnensibus,
2024 2177 2097 2228 ut
2151 2188 2222 2229 ex
2277 2176 2649 2250 argumento
2704 2165 2785 2226 ad

720 2272 1154 2356 Aristophanis
1212 2272 1646 2335 Achai-nenses
1703 2283 1904 2357 patet,
1963 2294 2128 2334 anno
2185 2273 2615 2359 praecedente
2677 2271 2783 2333 01.

720 2380 1127 2443 LXXXVIII.
1177 2398 1236 2459 4.
1273 2382 1339 2441 a.
1390 2379 1507 2456 Ch,
1550 2398 1689 2459 424.
1734 2379 2014 2442 eiusdem
2058 2379 2301 2440 Cratini
2340 2378 2622 2440 fabulam
2658 2372 2785 2440 Σά-

717 2488 899 2570 τυροι
940 2485 1308 2569 inscriptam
1352 2507 1499 2547 cum
1538 2485 1974 2570 Aristophanis
2015 2486 2348 2571 Equitihus
2381 2488 2655 2549 certasse
2690 2485 2786 2549 di-
2889 2514 2892 2523 >

722 2602 891 2655 serte
936 2592 1199 2675 legimus
1241 2594 1309 2654 in
1352 2603 1729 2676 argumento
1773 2593 1855 2654 ad
1894 2594 2177 2677 Equites,

884 2699 1163 2762 Tantum
1205 2698 1398 2783 igitur
1439 2699 1637 2777 abest,
1683 2708 1755 2760 ut
1794 2700 2216 2762 concedamus
2265 2700 2593 2762 Cratinum
2649 2723 2786 2763 om·-

720 2808 874 2867 nino
936 2805 1305 2867 abstinuisse
1363 2828 1400 2866 a
1462 2805 1814 2867 scribendis
1872 2827 1949 2868 ac
2020 2806 2323 2869 docendis
2391 2807 2639 2885 fabulis,
2714 2816 2788 2868 ut

722 2914 912 2976 etiam
973 2912 1158 2975 valde
1215 2911 1584 2995 diligentem
1637 2912 1701 2972 iu
1764 2934 1877 2974 sua
1917 2913 2247 2995 provincia
2285 2912 2479 2976 fuisse
2518 2921 2789 2975 conten-

723 3019 963 3080 damus.
1052 3021 1125 3080 In
1171 3040 1239 3080 se
1280 3020 1487 3103 ipsum
1527 3020 1800 3103 Pytinen
1845 3019 2095 3104 scripsit
2135 3020 2429 3081 Cratinus
2470 3019 2553 3080 ad
2577 3019 2791 3081 ebrie-

718 3138 916 3190 tatem
977 3149 1155 3188 suam
1218 3124 1654 3202 excusandam,
1714 3125 1889 3212 quod
1954 3126 2163 3209 primo
2207 3125 2510 3209 adspectu
2552 3125 2787 3186 mirum

724 3234 916 3294 alicui
966 3232 1284 3310 videatur,
1328 3232 1462 3293 aliis
1504 3254 1659 3294 vero
1689 3233 1981 3317 exemplis
2013 3231 2353 3315 probatum
2388 3241 2511 3303 est3
2558 3230 2787 3292 comici

720 3340 910 3418 enim,
989 3362 1186 3423 quum
1243 3361 1328 3413 se,
1359 3338 1478 3422 ipsi
1519 3338 1948 3417 sectabantur,
2007 3339 2104 3402 rei
2147 3338 2561 3400 acerbitatem
2603 3338 2790 3398 dimi-

722 3469 922 3511 nuere
989 3456 1054 3508 et
1115 3445 1246 3507 risu
1309 3456 1632 3518 commoto
1700 3445 2167 3509 accusationem
2219 3466 2551 3508 removere
2601 3456 2794 3529 puta-2

718 3558 892 3616 bant.
992 3552 1294 3636 Exempla
1350 3552 1546 3613 habet
1598 3551 1974 3613 Plutarchus
2041 3553 2108 3612 in
2150 3552 2438 3636 Sympos.
2481 3554 2557 3613 11.
2607 3575 2660 3614 ι.
2709 3551 2789 3612 de

716 3659 1162 3743 Aristophane,
1202 3658 1311 3741 qui
1354 3657 1672 3719 calvitiem
1713 3663 1896 3719 suam*
1930 3658 2150 3727 derisit
2190 3660 2254 3719 iu
2289 3659 2482 3720 Place
2529 3663 2668 3740 167.
2710 3656 2790 3718 de

720 3766 1049 3849 Agathone
1108 3774 1173 3827 et
1235 3775 1452 3827 nostro
1492 3774 1707 3848 poeta,
1761 3764 1937 3825 cuius
1991 3760 2237 3845 Πυτίνη
2278 3751 2598 3826 laudatur.
2675 3764 2792 3823 Est

715 3895 870 3935 vero
916 3871 1021 3933 hic
1073 3870 1249 3933 locus
1293 3871 1806 3954 corruptissimus
1866 3870 2273 3933 et·hactenus
2316 3894 2353 3931 a
2391 3873 2540 3933 viris
2585 3871 2790 3932 doctis

718 4000 906 4062 saepe
951 3979 1189 4040 frustra
1229 3988 1529 4055 tentatuS,
1584 3978 1672 4038 ita
1718 3988 1791 4038 ut
1830 3977 2173 4038 certiorem
2214 3977 2399 4039 huius
2448 3978 2798 4070 difficultaj

715 4086 792 4148 tis
835 4084 1261 4171 expediendae
1307 4083 1622 4148 rationem
1669 4082 2011 4147 admodum
2068 4083 2440 4149 desiderem.
2523 4085 2795 4146 Nostrae
2883 4144 2892 4154 ,
