3119 5087
344 628 349 634 ’
506 620 828 685 Videntur
899 619 1084 683 multi
1140 621 1314 685 hunc
1360 620 1575 682 locum
1623 594 1968 706 perperam
2018 617 2409 684 intellexisse.

353 724 771 813 Ταυροφάγος
832 737 927 789 est
981 720 1308 811 epitheton
1352 727 1642 812 Dionysi,
1681 747 1812 811 quo
1854 748 1984 787 non
2022 716 2228 788 solum
2265 726 2411 787 Ari-

343 835 685 920 stophanes
737 834 851 896 sed
906 826 1491 918 etiam¹Sophocles
1549 835 1616 895 in
1673 836 1847 918 Tyro
1906 853 2053 895 usus
2108 843 2222 897 est.
2301 833 2407 893 cf.

345 941 558 1002 Schol.
604 941 686 1003 ad
738 943 895 1001 Ran.
953 941 994 1001 l.
1065 962 1120 1002 c.
1184 941 1534 1003 Aristarchi
1593 939 2246 1024 discipuli2Bacchnm
2285 926 2412 1001 hoc

336 1048 532 1110 modo
580 1030 824 1110 dictum
867 1069 998 1109 esse
1041 1049 1439 1111 contendunt
1477 1058 1749 1132 propter
1787 1046 1982 1108 boves
2029 1046 2176 1123 illis,
2208 1047 2322 1129 qui
2342 1048 2411 1111 in

340 1155 753 1240 dithyrambis
796 1156 1130 1217 victoriam
1172 1157 1587 1239 reportarint,
1618 1154 1787 1216 dono
1817 1154 2061 1216 oblatos
2092 1154 2197 1232 (cf.
2222 1153 2411 1215 Phot.

341 1262 492 1323 Lex.
546 1258 998 1351 ‘Tavpocpc'cyoffi
1085 1262 1298 1324 Schol.
1365 1263 1447 1324 ad
1506 1260 1917 1346 Aristoph.·l.'
1955 1265 2077 1337 c.):
2146 1282 2421 1344 quorum

334 1367 559 1452 opinio
602 1367 729 1429 iam
774 1391 810 1428 a
852 1369 1172 1430 veteribus
1219 1369 1492 1432 refutata
1534 1390 1666 1432 esse
1694 1368 1964 1430 videtur.
2048 1367 2257 1431 Porro
2294 1388 2411 1428 ne·-

339 1499 465 1561 que
510 1475 840 1560 epitheton
885 1477 967 1538 ad
1010 1477 1340 1539 Cratinum
1380 1476 1658 1538 relatum
1687 1485 1800 1552 est,
1835 1474 2009 1558 quod
2035 1473 2167 1535 vini
2197 1495 2411 1535 amaus

336 1582 479 1661 fuit,
546 1604 755 1666 neque
799 1584 971 1668 quod
1008 1595 1214 1647 mater
1256 1584 1387 1657 eius
1431 1583 1667 1646 Bacchi
1715 1580 2175 1666 Moschophagi
2216 1580 2408 1643 sacris

329 1690 580 1752 initiata
620 1676 898 1752 habetur
950 1691 1150 1770 (Suid.
1193 1712 1253 1754 v.
1310 1686 1743 1776 Ταυροφάγσς.
1802 1678 2013 1753 Schol.
2056 1691 2098 1751 1.
2145 1693 2251 1767 c.),
2296 1688 2409 1750 sed

336 1796 701 1859 declaratur
740 1798 950 1882 potius
991 1798 1120 1860 hoc
1150 1797 1437 1881 epitheto
1462 1798 1728 1882 insignis
1763 1797 2007 1860 Cratini
2051 1796 2408 1873 character,

332 1926 564 1987 magna
623 1903 877 1967 dicendi
941 1906 1234 1988 gravitas,
1290 1923 1414 1989 qua
1473 1905 1943 1981 sublimitatem,
1987 1914 2296 1988 quatenus
2340 1904 2408 1965 in

318 2010 735 2099 ³comoediam
777 2012 1140 2096 quadraret,
1197 2013 1443 2075 referre
1494 2021 1780 2073 conatus
1836 2021 1948 2072 est.
2049 2010 2411 2072 'Comoedia

336 2115 420 2176 ad
467 2116 791 2180 Bacchum
850 2120 1026 2203 quasi
1097 2118 1178 2199 ad
1239 2120 1484 2180 fontem
1545 2119 1847 2195 recurrit,
1875 2139 2179 2202 *eumque
2221 2116 2408 2178 huius

334 2224 486 2284 artis
526 2225 891 2307 praesidem
928 2236 994 2287 et
1035 2226 1340 2288 vicarium
1377 2226 1732 2308 saepissime
1768 2225 2069 2286 declarat.
2165 2228 2409 2305 Ταυρο-

331 2326 533 2414 φάγος
580 2341 673 2392 est
717 2330 1044 2415 epitheton
1087 2353 1217 2391 non
1262 2354 1298 2391 a
1343 2333 1598 2393 comicis
1641 2332 1908 2408 ironice,
1942 2332 2055 2392 sed
2081 2354 2117 2391 a
2153 2332 2409 2414 tragicis

332 2437 543 2519 poetis
578 2437 853 2500 ‘Baccho
914 2440 1247 2517 tributum,
1306 2439 1482 2524 quod
1521 2449 1790 2523 propter
1832 2449 2034 2501 certas
2076 2459 2291 2500 causas
2337 2439 2410 2501 in

330 2545 641 2608 interiore
691 2549 1087 2609 Graecorum
1128 2548 1436 2631 religione
1459 2547 1725 2610 latentes
1757 2548 1821 2607 in
1854 2568 1999 2608 eum
2028 2545 2406 2608 translatum

331 2663 445 2714 est.
550 2653 754 2714 Simili
818 2653 1010 2714 modo
1075 2654 1243 2714 Juno
1307 2650 1646 2738 αἰγοφὰγος
1705 2653 1996 2737 (Hesych.
2040 2676 2089 2713 s.
2129 2676 2194 2715 v.
2233 2653 2406 2737 αἰγο-
2481 2661 2486 2668 ’

328 2756 553 2843 φάγος.
611 2761 880 2826 Pausan.
941 2762 1178 2821 Lacon.
1226 2783 1286 2826 c.
1337 2766 1481 2838 ιὰ),
1528 2762 1812 2843 Iuppiter
1851 2756 2189 2844 αἷγοφῶγος
2230 2762 2403 2844 apud

328 2867 721 2928 Nicandrum
791 2868 1144 2946 dicebatur,
1207 2869 1354 2951 quia
1415 2868 1709 2929 animalia
1774 2868 1883 2929 illa
1942 2866 2197 2951 singulis
2260 2865 2404 2945 diis,

329 2974 413 3035 ad
461 2997 617 3058 quos
656 2975 1087 3058 pertinebant,
1113 2976 1625 3037 immolabantur.
1710 2975 2252 3058 Significationem
2285 2972 2401 3035 de·-

325 3081 598 3143 vorandi
661 3082 727 3142 in
785 3082 894 3142 his·
946 3081 1269 3143 vocabulis
1331 3083 1725 3166 aliquatenus
1767 3082 2093 3144 evanuisse
2136 3071 2444 3163 demon-t

327 3200 571 3251 stratur
627 3190 772 3250 loco
827 3190 1108 3266 Hesiodi,
1139 3180 1310 3274 ''Em'-
1352 3208 1493 3268 204,
1540 3190 1651 3251 ubi
1697 3185 2063 3274 δωροφάγοι.
2089 3170 2404 3249 dicuntur

323 3296 394 3375 ii,
462 3297 571 3379 qui
617 3296 786 3357 dona
826 3298 1166 3380 accipiunt,
1227 3297 1401 3357 nulla
1444 3296 1748 3384 singulari
1785 3295 2243 3379 significatione
2285 3295 2402 3357 ad·-

322 3403 548 3465 hibita.
633 3405 834 3482 Sicuti
882 3403 963 3464 ad
1004 3404 1324 3465 Bacchum
1367 3406 1630 3488 eiusque
1674 3425 1856 3468 sacra
1888 3403 2219 3466 comoedia
2244 3424 2400 3485 per-

322 3512 510 3588 tinet,
559 3511 647 3571 sic
690 3512 803 3589 illi,
869 3513 979 3596 qui
1028 3511 1186 3573 haec
1239 3533 1416 3572 sacra
1452 3511 1529 3571 ¹-in
1575 3510 1680 3572 dei
1716 3510 2034 3573 honorem
2079 3521 2398 3588 exercent,

319 3616 558 3678 Bacchi
612 3618 973 3680 sacerdotes
1029 3620 1287 3679 omnino
1348 3628 1613 3701 possunt
1669 3607 1996 3702 appellari.
2037 3638 2042 3644 ·
2100 3620 2396 3680 Cratinus

256 3727 261 3734 ⁴
320 3725 536 3785 autem
580 3724 660 3785 ad
699 3725 826 3787 tale
872 3725 1109 3809 gloriae
1151 3723 1468 3808 fastigium
1511 3725 1814 3804 ascendit,
1858 3735 1931 3787 ut
1957 3726 2106 3809 ipse
2146 3721 2394 3785 Aristo-
2431 3727 2444 3738 ”

314 3831 558 3914 phanes
615 3853 743 3893 non
805 3832 1144 3909 dubitaret,
1218 3833 1370 3916 quin
1428 3832 1620 3915 ipsius
1680 3832 1782 3894 dei
1825 3853 2058 3894 nomen
2100 3832 2195 3892 in*
2212 3832 2391 3894 illum

315 3939 718 4001 transferret.
802 3940 1244 4023 Metaphoram
1287 3963 1323 3999 a
1365 3938 1600 3999 Bacchi
1642 3939 1838 3999 sacris>
1862 3940 2211 4001 desumtam
2244 3943 2398 4001 Ari-⁴

315 4046 681 4130 stoph‘anes,
753 4046 969 4109 addito
1040 4046 1383 4134 vocabulo·
1419 4041 1739 4125 ἐτελέσθη,
1799 4066 1927 4129 quo
1984 4044 2226 4110 τελεταὶ
2288 4047 2392 4107 dei

313 4155 513 4239 paulo
573 4154 831 4219 inferius
897 4176 968 4217 w
1015 4155 1156 4221 368.
1205 4153 1436 4219 diserte
1480 4152 1908 4233 declarantur,
1952 4154 2201 4239 egregie
2251 4175 2386 4217 ser-
