3119 5087
1524 421 2005 496 ...243-

741 627 884 670 mox
944 607 1007 667 in
1069 606 1538 671 Atheniensium
1603 611 1840 671 animos
1904 610 2142 695 opini0,
2206 630 2400 694 penes
2443 611 2615 674 illam
2660 633 2791 674 esse

744 717 1071 778 maximam
1126 716 1191 776 in
1252 716 1438 776 rebus
1487 717 1768 799 'puhlicis
1833 718 2335 780 administrandis
2393 730 2793 802 potestatem,

746 846 823 884 eo
880 822 1123 883 facilius
1192 844 1490 906 errepere
1553 833 1785 906 posset,
1848 848 1972 908 quo
2032 825 2223 907 magis
2279 836 2505 908 poetae
2568 828 2797 887 comici

741 930 875 1012 ipsa
914 928 1097 988 huius
1141 929 1235 990 rei
1274 930 1671 991 cavillatione
1712 931 1954 991 fontem
1994 930 2299 995 invenisse
2342 932 2460 992 sibi
2491 932 2797 994 videban-
2877 994 2886 1002 ,

738 1047 867 1115 tur,
930 1057 1000 1097 cx
1046 1056 1171 1119 quo
1224 1036 1368 1096 satis
1413 1036 1650 1117 largam
1695 1036 2023 1096 materiam
2069 1037 2280 1098 Iovem
2326 1037 2691 1121 Olympium
2733 1050 2798 1100 et

739 1162 917 1203 suam
958 1143 1263 1202 Iunonem
1301 1163 1420 1223 pro
1465 1140 1741 1202 ludibrio
1783 1142 2059 1202 habendi
2104 1142 2606 1244 depromserunt.
2649 1145 2796 1205 Bel-

736 1250 871 1309 lum
916 1246 1088 1331 quod
1131 1247 1539 1308 Athenienses
1584 1250 1987 1330 poscentibus
2028 1249 2281 1310 Milesiis
2323 1250 2561 1310 insulae
2604 1242 2793 1311 Samo

738 1358 1093 1419 intulerunt
1137 1355 1262 1433 (Ol.
1311 1359 1407 1435 84.
1452 1358 1571 1434 4.),
1619 1356 1869 1436 Aspasia
1917 1356 2219 1416 suadente
2259 1367 2469 1417 ortum
2516 1379 2645 1417 esse
2691 1379 2794 1417 ex-

737 1467 1014 1526 istimant
1053 1462 1342 1522 nonnulli
1385 1462 1723 1543 scriptores
1773 1461 2102 1543 (Harpocr.
2148 1438 2507 1544 Manuale).
2557 1465 2794 1538 Quam-

735 1573 825 1632 vis
861 1592 989 1630 non
1018 1569 1378 1630 mirandum
1409 1568 1597 1643 foret,
1632 1567 1683 1626 si
1720 1568 1994 1651 Aspasia,
2028 1568 2228 1633 Mileti
2264 1578 2425 1645 orta,
2466 1570 2543 1628 ab
2587 1569 2796 1629 amico

738 1678 1033 1738 auxilium
1088 1675 1480 1758 implorasset
1533 1673 1946 1757 popularibus
1989 1675 2321 1735 ferendum
2362 1676 2631 1758 ideoque
2672 1677 2796 1736 Pe·-

731 1783 922 1844 ricles
969 1803 1039 1843 ex
1081 1780 1318 1841 amicae
1361 1779 1659 1862 singulari
1703 1780 1902 1863 gratia
1948 1776 2636 1863 populo'persuasisset
2669 1781 2793 1842 hoc

731 1889 973 1950 bellum
1038 1907 1168 1948 esse
1212 1879 1581 1962 ineundum,
1640 1895 1849 1947 tamen
1892 1886 2365 1947 Atheniensium
2411 1888 2632 1946 animis
2670 1887 2794 1947 hoc

732 2005 1026 2077 tempore
1062 1993 1327 2054 maxima
1363 1993 1689 2076 pugnandi
1734 1993 2081 2076 cupiditate
2124 1993 2402 2054 accensis
2454 2016 2582 2053 non
2634 2016 2790 2076 opus

644 2140 649 2153 ι
732 2109 873 2161 erat
912 2099 1204 2182 Aspasiae
1242 2098 1496 2161 secretis
1541 2096 2096 2158 admonitionibus.
2183 2098 2277 2158 Cf.
2313 2099 2634 2161 Plutarch.
2672 2101 2795 2161 Pe·-

731 2206 870 2266 ricl.
915 2226 974 2265 c.
1019 2209 1118 2269 25.
1176 2213 1240 2265 et
1282 2209 1378 2267 26.

900 2311 1145 2371 Comici
1185 2330 1413 2392 parum
1459 2309 1741 2370 contenti
1788 2309 2107 2395 minorum
2155 2311 2619 2394 expeditionum
2646 2335 2796 2374 cau-

734 2441 866 2479 sam
912 2417 993 2477 ad
1038 2416 1354 2499 Aspasiam
1410 2416 1698 2477 retulisse
1760 2415 1907 2477 alias
1945 2427 2016 2477 et
2059 2418 2325 2478 maiores
2370 2419 2792 2501 cavillationes

727 2528 797 2587 in
841 2540 984 2594 eam
1027 2521 1510 2584 accumularunt
1553 2532 1618 2585 et
1666 2521 1962 2607 denique,
2011 2523 2183 2607 quod
2209 2538 2642 2592 summumest
2671 2551 2795 2589 aii--

725 2631 953 2692 daciae
997 2651 1334 2705 conamen,
1373 2628 1776 2689 funestissimi
1816 2628 1967 2691 belli
2004 2630 2527 2714 Peloponnesiaci
2548 2633 2791 2696 fontem

656 2825 663 2828 .
730 2739 797 2798 in
843 2737 1139 2820 Aspasiae
1178 2734 1746 2836 animoxinvenisse
1791 2735 1908 2795 sibi
1953 2737 2064 2797 visi
2111 2747 2274 2813 sunt,
2304 2739 2608 2806 eiusmodi
2638 2764 2790 2803 vero

730 2842 1055 2906 coloribus
1104 2851 1306 2903 totam
1347 2863 1486 2901 rem
1523 2840 1931 2923 depingentes
1969 2853 2033 2904 et
2068 2855 2385 2928 augentes,
2410 2856 2481 2906 ut
2515 2845 2794 2907 deterio-

731 2972 869 3012 rem
914 2949 1045 3010 eius
1089 2947 1255 3009 vitae
1299 2947 1730 3008 conditionem
1779 2948 2187 3011 ostenderent
2225 2951 2663 3034 Periclemque
2698 2954 2793 3012 fa-

725 3056 1090 3116 miliar-itate
1128 3054 1268 3115 eius
1314 3063 1601 3113 utentem
1645 3054 1838 3130 omni,
1881 3064 1954 3115 ut
1998 3053 2179 3117 nobi‘s
2221 3056 2479 3139 quidem
2519 3056 2791 3136 videtur,

725 3163 1104 3223 auctoritate
1166 3160 1510 3242 privarent.
1616 3162 1686 3218 ln
1725 3159 1819 3220 his
1865 3181 2018 3221 vero
2059 3162 2432 3245 perspicuus
2475 3173 2568 3223 est
2608 3164 2789 3226 Peri-

732 3268 842 3330 clis
904 3267 1188 3350 egregius
1244 3263 1600 3341 character,
1659 3267 1723 3326 in
1785 3265 1881 3326 his
1926 3266 2081 3327 latet
2124 3268 2450 3344 iudicium,
2495 3272 2670 3352 quod
2713 3272 2791 3334 de

734 3373 1064 3434 comoedia
1090 3373 1397 3435 ¹tulerunt
1436 3372 1871 3447 Athenienses,
1945 3373 2050 3455 qui
2092 3384 2361 3457 propter
2402 3379 2793 3440 comicorum

734 3479 891 3540 sales
934 3479 1140 3539 risisse
1185 3479 1488 3555 contenti,
1537 3478 1801 3555 nullum,
1847 3500 2036 3562 quem
2079 3480 2331 3541 aliunde
2375 3482 2616 3545 bonum
2660 3487 2795 3545 for-

732 3596 991 3668 temque
1037 3593 1437 3667 com-pertum
1484 3583 1790 3660 habuere,
1836 3583 2134 3645 conviciis
2179 3595 2389 3647 autem
2437 3599 2500 3649 et
2543 3590 2794 3670 probris

733 3693 798 3750 in
864 3712 1053 3751 scena
1114 3690 1465 3749 laceratum
1512 3688 1831 3765 viderunt,
1876 3692 2099 3773 culpae
2143 3713 2322 3756 reum
2369 3694 2800 3758 existimabant

734 3816 1136 3880 poenamque
1193 3796 1270 3855 ab
1335 3816 1410 3855 eo
1464 3795 1860 3877 expetebant.
1963 3791 2407 3880 Aristophanes
2450 3801 2512 3860 in
2558 3802 2802 3862 Achar-'

735 3903 1217 3979 nensibus524.
1259 3900 1655 3961 demonstrat
1689 3901 1928 3961 bellum
1967 3903 2577 3985 Peloponnesiacum
2616 3930 2650 3966 a
2675 3908 2802 3968 Pe-

735 4010 891 4073 ricle
953 4009 1034 4070 ob
1100 4007 1396 4090 Aspasiae
1453 4027 1740 4067 amorem
1800 4016 1863 4067 et
1911 4008 1993 4068 ob
2045 4021 2364 4093 surreptas
2404 4012 2466 4073 ei
2508 4035 2544 4073 a
2584 4016 2806 4097 Mega-

736 4116 1025 4181 rensibus
1068 4115 1332 4184 famulas
1376 4131 1509 4176 esse
1553 4115 1954 4176 suscitatum:
