3119 5087
1579 425 2065 494 -78-2

742 668 746 673 ,
794 606 1087 691 Hesychii
1148 606 1354 668 locum
1414 626 1543 690 pro·
1583 599 1847 670 Ἰλιάσιν
1904 598 2240 697 legendum
2295 608 2660 671 coniecerat
2726 610 2855 693 Δη-
2915 611 2935 626 “

728 724 735 729 “
790 712 1021 776 λιάσιν.
1119 713 1210 775 Ex
1262 713 1630 776 Deliadibus
1676 714 1917 775 Cratini
1973 713 2170 775 multa
2219 724 2457 776 exstant
2502 715 2855 805 fragmenta
2962 781 2969 789 ,

795 821 998 900 (Suid.
1044 814 1298 897 Ῥαζεῖν.
1370 816 1639 905 Hesych.
1697 821 1872 895 Βοῦς
1924 822 1992 883 ἐν
2048 816 2266 908 αὐλίῳ.
2324 823 2534 882 Schol.
2582 823 2663 882 ad
2707 825 2853 884 Ari-

791 927 999 1010 stoph.
1036 927 1225 1009 Vesp.
1258 929 1393 989 556.
1442 926 1522 987 ad
1557 929 1712 988 Aves
1762 948 1935 1009 1294.
1976 928 2163 989 Phot.
2206 930 2348 989 Lex.
2387 922 2681 1009 Ἐτήσιοι.
2712 925 2854 992 Ῥα-

788 1034 934 1111 ζεΐν.
975 1033 1201 1094 Athen.
1245 1032 1355 1092 IX.
1395 1038 1533 1114 396.
1575 1035 1656 1093 B:
1690 1036 1798 1095 XI.
1846 1039 1982 1098 501.
2052 1034 2298 1097 Bekker
2339 1036 2404 1094 in
2449 1032 2688 1097 A'necd.
2735 1040 2847 1101 Gr.

735 1174 747 1190 ·
782 1165 848 1225 p.
905 1148 1016 1223 94.
1067 1164 1122 1221 7.
1186 1160 1248 1222 p.
1312 1144 1410 1222 96.
1474 1158 1565 1219 14.
1623 1163 1686 1223 p.
1756 1160 1890 1222 129.
1960 1142 2092 1220 14.)
2137 1152 2325 1224 atque
2367 1142 2632 1220 accedit,
2677 1144 2850 1226 quod

783 1248 1209 1331 fragmentum
1252 1246 1491 1306 Cratini
1536 1247 1615 1305 ab
1661 1246 1976 1330 Hesychio
2020 1257 2364 1335 servatum,⁸
2404 1259 2847 1330 argumentum

781 1356 1141 1432 confirmat,
1204 1356 1376 1441 quod
1439 1356 1503 1415 in
1573 1356 1940 1417 Deliadibus
1996 1356 2279 1417 invenire
2341 1355 2494 1416 mihi
2539 1358 2844 1429 videbar;

781 1474 1117 1546 praeterea
1160 1484 1237 1524 eo
1288 1462 1604 1523 lubentius
1649 1464 1858 1524 refero
1900 1461 2026 1522 hoe
2059 1463 2479 1545 fragmentum
2523 1462 2603 1523 ad
2627 1463 2846 1524 Delia-

784 1571 914 1648 deS,
963 1590 1089 1654 quo
1134 1569 1433 1630 similiora
1470 1579 1615 1629 sunt
1654 1569 1787 1652 ipsa
1821 1568 2130 1629 vocabula
2163 1565 2466 1649 Δηλιάδες
2494 1579 2558 1629 et
2591 1560 2846 1644 Ἰλιάὸες

781 1678 1180 1738 audientibus
1224 1698 1353 1735 non
1397 1677 1601 1736 solum
1643 1674 1754 1736 sed
1796 1675 1984 1736 etiam
2027 1674 2464 1736 scribentibus·
2564 1680 2844 1740 Medium
2917 1692 2924 1697 ’

782 1782 1042 1869 aliquod
1085 1782 1164 1843 ad
1210 1782 1376 1842 hanc
1421 1780 1900 1864 corruptionem
1944 1781 2414 1863 intelligendam
2447 1786 2716 1865 praehet
2749 1786 2844 1847 lo-

720 1872 721 1875 *
779 1912 887 1950 cus
929 1889 1143 1950 Photii
1186 1890 1329 1983 Lex.
1374 1910 1431 1949 v.
1469 1882 1763 1968 Ἐτὴσιοι,
1806 1887 1916 1947 ubi
1961 1886 2024 1945 in
2064 1887 2378 1947 nonnullis
2403 1891 2579 1950 MSS.
2610 1891 2842 1975 legitur

776 1992 1079 2058 ὃειλιάσιν
1118 2017 1238 2078 pro
1286 1989 1618 2085 Διζλιάσιν,
1660 1992 1828 2053 unde
1868 1992 2088 2076 aliquis
2135 1986 2361 2053 eodem
2404 1995 2541 2060 fere
2586 1997 2728 2059 iure
2777 2009 2839 2059 et

774 2098 1131 2163 lectionem.
1176 2085 1486 2181 Δηλιάῖῐιν
1549 2109 1614 2160 et
1649 2092 1912 2162 Ἰλιάσιν
1961 2097 2078 2158 sibi
2126 2099 2361 2180 fingere
2405 2113 2636 2182 posest.
2722 2106 2844 2188 Igi..

772 2214 883 2268 tur
941 2206 1283 2269 eiiciendus
1346 2207 1468 2268 erit
1508 2204 1615 2266 hic
1658 2204 1876 2266 titulus
1922 2226 1957 2265 e
2004 2204 2362 2265 fabularum
2405 2207 2843 2272 Cratinearum

775 2314 1085 2398 catalogo,
1131 2312 1335 2374 donec
1379 2313 1533 2373 alius
1579 2312 1817 2395 probus
1864 2311 2039 2373 testis
2079 2323 2377 2396 repertus*
2414 2316 2625 2376 fuerit.

935 2463 1237 2551 Κρήσσαι
1278 2465 1449 2550 apud
1494 2464 1878 2550 Hesychium
1920 2464 2299 2527 exhibentur
2343 2471 2421 2546 (v.
2466 2462 2830 2552 Κωνὴσαι)τ

772 2570 1103 2656 Αἰσχύλος
1142 2572 1252 2636 καί
1293 2574 1607 2656 Κρατῖνος
1648 2568 1996 2656 Κρήσσαις.
2079 2573 2451 2656 Suspectam
2496 2597 2625 2637 esse
2667 2575 2832 2637 hanc

769 2682 1074 2759 fabulam,
1133 2703 1278 2742 cum
1342 2680 1585 2740 Cratini
1641 2681 1875 2739 nomen
1915 2677 2040 2738 hoc
2086 2678 2278 2740 unico
2321 2678 2465 2739 loco
2512 2681 2698 2758 ferat,
2739 2682 2837 2741 vi-

775 2791 1009 2867 derunt
1057 2790 1433 2872 interpretes
1478 2786 1561 2847 ad
1605 2786 1986 2869 Hesychium
2026 2785 2067 2845 l.
2114 2807 2168 2845 c.
2224 2795 2287 2846 et
2328 2786 2495 2856 hene
2543 2788 2837 2848 coniece-

773 2906 945 2972 runt,
1009 2897 1206 2976 verba
1259 2892 1527 2978 legenda
1591 2914 1720 2953 esse
1767 2893 2016 2968 inverso
2062 2891 2309 2970 ordine,
2356 2891 2466 2970 ita,
2511 2902 2581 2953 ut
2620 2894 2837 2954 fabula

775 3003 857 3063 ad
901 3003 1276 3085 Aeschylum
1321 3002 1659 3078 referatur,
1703 2999 1805 3060 cui
1850 2998 2059 3062 multis
2104 2998 2255 3060 locis
2301 3020 2338 3059 a
2380 2999 2661 3061 Stanleio
2703 3000 2837 3061 col-

770 3108 910 3169 latis
951 3109 1328 3170 vindicatur.

938 3258 1374 3323 Θετταλῶν
1437 3256 1849 3332 πολιτεία.
1960 3257 2320 3319 Athenaeus
2383 3257 2524 3317 XII.
2585 3278 2647 3338 p.
2695 3260 2831 3319 663.

758 3370 878 3429 *Aa
919 3362 1166 3447 ἱστορεῖ
1185 3364 1252 3428 δὲ
1292 3362 1401 3428 καὶ
1440 3363 1586 3449 περὶ
1620 3365 1733 3445 τῆς
1775 3362 2089 3437 πολιτείας
2130 3358 2338 3425 αὗτῶν
2379 3362 2487 3424 καὶ
2523 3363 2836 3444 Κρατῖνος

770 3472 840 3534 ἐν
878 3471 958 3557 τῇ
999 3469 1278 3553 πολιτείᾳ
1322 3465 1549 3536 αὐτῶν.
1630 3471 1984 3548 „Crathin-5,
2030 3471 2137 3555 qai
2159 3470 2235 3529 de
2264 3472 2349 3529 Re
2370 3469 2618 3551 publica
2652 3470 2839 3529 Thes·-

769 3582 1042 3641 saelorum
1103 3581 1412 3661 scripserit
1468 3579 1640 3655 alibi,
1701 3599 1888 3662 quam
1942 3580 2038 3638 hic
2095 3598 2217 3637 non
2257 3579 2521 3636 inventus
2566 3559 2738 3636 nobis
2780 3588 2838 3635 et

750 3688 1037 3768 fortasse
1095 3687 1301 3745 melius
1362 3682 1633 3767 Κριτίας
1689 3685 1767 3745 de
1824 3706 1940 3769 quo
2000 3698 2057 3744 et
2114 3685 2345 3766 politiis
2402 3697 2543 3743 ante
2585 3682 2836 3743 dictum.

770 3794 866 3853 Cf.
934 3792 1014 3853 ad
1082 3793 1191 3852 XI.
1252 3814 1316 3874 p.
1375 3795 1512 3868 463.
1571 3783 1726 3849 B.“'
1788 3789 1967 3849 Haec
2033 3784 2438 3850 Casaubonus
2503 3787 2583 3848 ad
2626 3789 2839 3849 locum

771 3898 1080 3960 Athenaei
1126 3896 1472 3958 rectissime
1513 3906 1766 3987 monem
1813 3896 2112 3980 exempla,
2156 3896 2382 3980 quihus
2417 3895 2836 3957 demonstrari

772 4015 984 4089 potest
1009 4004 1269 4064 Critiam
1294 4004 1610 4086 scripsisse
1636 4005 1793 4063 Rem
1822 4003 2145 4085 publicam
2181 4001 2841 4085 Thessalorumpraes·

773 4123 881 4174 ter.
912 4112 1363 4178 >Casaubonum
1404 4111 1785 4193 interpretes
1832 4108 1914 4169 ad
1958 4108 2353 4172 Athenaeum
2405 4109 2545 4170 XII.
2588 4130 2653 4190 p.
2698 4112 2841 4173 663.
