3119 5087
1108 404 1589 474 ...79-

318 590 403 648 A..
471 586 613 647 satis
684 586 909 647 idonea
971 588 1414 659 contulerunt;
1468 587 1742 670 deniqne
1802 604 1872 647 ex
1914 587 2111 647 verbo
2154 580 2399 668 ἱστορεῖ

322 706 468 757 tota
513 694 944 754 controversia
976 690 1318 755 dirimitur.
1389 773 1396 781 ν

508 797 1037 884 Ψηφίσματα.
1129 803 1477 885 Perperam
1534 800 1792 861 Cratino
1834 799 2139 860 tribuitur
2180 800 2396 860 fabula

340 907 526 971 huius
570 908 793 968 indicis
836 907 1004 991 apud
1046 908 1619 991 Harpocratiouem
1659 931 1717 968 v.
1743 901 2147 989 Ἀρκτεῦσαις
2198 909 2397 967 ratio-

343 1037 454 1076 nes
500 1015 781 1097 exposuit
820 1018 1174 1075 Maussacus
1211 1015 1274 1074 in
1314 1014 1494 1074 Obss.
1532 1014 1615 1074 ad
1649 1014 1688 1073 l.
1711 1036 1787 1073 ·c.
1817 1023 2006 1095 atque
2043 1014 2398 1102 Craterum,

345 1120 525 1180 cuius
578 1119 962 1204 Ψηφίσματα
1013 1142 1199 1204 saepe
1244 1120 1605 1197 laudantur,
1646 1121 1713 1180 in
1757 1120 2006 1183 Cratini·
2047 1120 2260 1181 locum
2300 1141 2406 1184 re-

347 1227 569 1288 stituit.
816 1229 820 1233 ’
2036 1231 2044 1238 ’
2195 1234 2204 1237 ”

519 1329 1105 1395 Διδασκαλίαι.
1189 1335 1587 1415 Quamquam
1627 1331 1787 1391 haec
1831 1329 2045 1390 fabula
2086 1332 2272 1414 vulgo
2302 1353 2409 1391 re-

356 1437 541 1520 liquis
587 1439 828 1499 Cratini
872 1439 1094 1501 fabulis
1138 1439 1420 1522 genuinis
1469 1448 1945 1514 annumeratur,
1999 1437 2153 1496 mihi
2197 1448 2410 1498 tamen

355 1553 645 1626 suspecta
683 1544 807 1602 iam
849 1543 1087 1605 dudum
1135 1552 1275 1604 erat
1318 1545 1448 1603 eius
1493 1543 1857 1622 auctoritaS,
1904 1565 2065 1626 quae
2108 1566 2236 1604 uno
2272 1555 2417 1604 tan-

357 1659 497 1711 tum
533 1650 674 1710 loco
705 1649 938 1710 Suidae
979 1672 1035 1710 v.
1069 1642 1463 1731 Ἀναρύπειν
1492 1649 1716 1710 nititur
1746 1659 1831 1727 et,
1861 1649 1910 1709 si
1941 1649 2416 1732 inscriptionem

359 1766 627 1841 spectas,
689 1756 1165 1838 grammaticum
1198 1756 1434 1838 ‘potius
1492 1778 1673 1839 opus,
1744 1756 1810 1817 in
1869 1778 1993 1839 quo
2040 1755 2119 1817 de
2163 1756 2416 1838 singulis

364 1862 566 1925 nostri
623 1871 852 1944 poetae
910 1861 1252 1922 comoediis
1297 1862 1559 1923 notitiae
1604 1872 1939 1923 accuratae
1982 1861 2421 1939 tradebantur,

365 1969 663 2031 redolere
703 1967 974 2028 videtur.
1056 1967 1468 2030 Nihilominus
1508 1967 1660 2029 huic
1690 1970 2095 2031 coniecturae
2127 1991 2255 2030 non
2283 1979 2425 2029 tan-

368 2085 503 2136 tam
553 2074 743 2135 fidem
799 2075 1018 2150 tribui,
1074 2084 1144 2135 ut
1188 2084 1531 2159 propterea
1575 2075 1855 2136 fabulam
1896 2096 2161 2137 numero
2206 2076 2428 2158 genui-

372 2203 600 2241 narum
643 2179 1064 2256 extruderem,
1127 2201 1272 2240 cum
1321 2181 1612 2241 Cratinus
1657 2183 1817 2259 lusu,
1865 2181 2077 2242 nescio
2119 2201 2267 2262 qu0,
2314 2179 2432 2241 do·-

371 2285 574 2346 cendi·
620 2285 988 2346 methodum
1049 2286 1759 2368 quandam->uaducere
1798 2296 2084 2368 poterat3
2142 2286 2247 2344 cui
2289 2307 2433 2346 sen-

372 2393 610 2452 tentiae
654 2413 862 2452 versus
887 2380 1242 2475 ’corruptus
1286 2393 1455 2477 apud
1499 2393 1758 2453 Suidam
1798 2401 2076 2456 servatus
2120 2413 2248 2450 non
2296 2413 2434 2451 om-

376 2499 530 2559 nino
593 2508 920 2582 repugnat.
1019 2500 1189 2561 Certi
1250 2500 1487 2584 aliquid
1548 2500 1932 2562 constituere
1996 2497 2437 2560 difficillimum

380 2614 495 2681 est,
552 2605 678 2666 hoc
719 2607 910 2691 igitur
952 2607 1096 2680 loco
1137 2608 1427 2692 ambigua
1482 2617 1736 2669 maneat
1795 2605 1984 2674 huius
2026 2604 2279 2669 fabulae
2322 2627 2439 2667 au·-

380 2713 662 2775 ctoritas.

550 3013 800 3092 Causas,
866 3017 1090 3099 quibus
1141 3018 1380 3078 factum
1427 3027 1541 3096 est,
1584 3029 1656 3079 ut
1700 3017 1952 3080 Cratini
1984 3016 2232 3079 fabulae
2275 3023 2439 3076 tem-

382 3129 616 3203 porum
657 3121 885 3182 iniuria
927 3132 1261 3207 tantopere
1303 3125 1594 3201 affectae,
1652 3134 2056 3207 praematura
2096 3134 2301 3184 morte
2348 3124 2440 3183 in-

385 3228 698 3305 terierint,
757 3219 889 3288 sine
949 3230 1320 3289 coniectura
1374 3230 1630 3290 omnino
1699 3232 2104 3313 assequimur,
2168 3230 2218 3288 si
2260 3229 2441 3294 nobis

387 3355 756 3417 persuasum
813 3334 1141 3412 habemuS,
1201 3344 1500 3418 quantam
1554 3335 1681 3394 vim
1737 3336 2023 3417 posuerit
2082 3334 2146 3395 in
2190 3335 2442 3416 singulis

389 3441 485 3501 sui
545 3439 846 3524 temporis
904 3440 1189 3523 personis
1255 3450 1320 3501 et
1375 3442 1565 3501 rebus
1611 3441 1792 3523 gestis
1841 3437 2155 3503 subtiliter
2206 3441 2444 3500 descri-

388 3546 636 3624 bendis,
697 3567 857 3629 quae
916 3556 1160 3628 postea,
1202 3547 1593 3629 temporibus
1635 3548 1909 3625 mutati3‚
1952 3548 2121 3630 ipsae
2165 3557 2442 3608 mutatae

393 3650 649 3714 lecturis
709 3652 933 3714 multas
998 3651 1398 3712 difficultates
1440 3674 1699 3714 movere
1745 3653 2020 3736 ideoque
2074 3653 2447 3714 delectatio-

393 3780 563 3836 nem,
593 3781 716 3841 qua
762 3758 933 3819 docti
966 3758 1356 3841 grammatici
1382 3767 1556 3819 certe
1587 3760 2046 3837 afficiebantur,
2077 3759 2445 3821 deminuere

390 3874 709 3946 poterant.
813 3866 1031 3948 Itaque
1079 3855 1444 3926 'memoratu
1488 3865 1746 3949 dignum
1789 3877 1900 3943 est,
1944 3867 2119 3950 quod
2157 3867 2222 3926 in
2267 3863 2447 3927 dida-

384 3972 594 4030 scaliis
639 3971 1114 4032 comoediarum
1153 3971 1585 4055 Aristophanis
1629 3974 1886 4057 antiquo
1918 3973 2259 4034 admodum
2280 3982 2447 4047 tem-

390 4097 553 4159 pore
614 4078 973 4161 compositis
1016 4076 1313 4158 traditur,
1357 4078 1637 4145 fabulam
1680 4079 1941 4156 Cratini,
2002 4101 2165 4163 quae
2207 4082 2449 4159 Χαμα-

2539 618 2552 653 N
