3119 5087
1516 347 1803 420 -84
1905 352 2016 445 -‘‹·.

731 548 922 605 nocte
983 539 1346 623 nuptiarum
1399 536 1642 622 pariter
1703 537 2030 600 exstinctos
2090 551 2220 597 esse
2261 530 2537 594 thalamo
2582 528 2780 591 colla-

730 649 923 712 bente
958 645 1146 707 docet
1182 644 1565 727 epigramma
1589 644 1667 706 ab
1697 641 2150 726 interpretibus
2185 640 2398 702 Ovidii
2425 639 2776 701 laudatum:

892 748 1011 829 Λῖ,
1055 748 1143 827 αἴ,
1185 749 1369 811 τοῦτὸ
1416 743 1727 826 κάκιστον,
1772 740 1922 810 ὅταν
1962 743 2228 809 κλαι’ωσι
2272 740 2546 809 &tironos

973 854 1293 940 Νύμφιον,
1338 847 1377 936 ἢ
1419 850 1686 938 νύμφην·
1726 849 1909 935 ἡνίκα
1950 855 2007 916 δ’
2048 847 2438 937 ἀμφοτέρους
2476 889 2560 904 —-·

790 983 797 989 ·
868 954 1180 1028 Ἐὔπολιν
1223 957 1309 1036 ὧς
1351 955 1591 1044 ἀγαθήν
1631 984 1695 1024 τε
1737 960 1798 1022 T
1794 955 2110 1043 λυκὴριον,
2156 949 2243 1020 ὧν
2283 953 2578 1038 ὗμεναῖον

978 1059 1274 1148 Ἔσβεσεν
1319 1066 1385 1128 ἐν
1423 1062 1637 1149 πρώτῃ
1677 1064 1854 1128 νυκτὶ
1889 1065 2093 1128 πεσῶν
2125 1059 2511 1144 θάλαμος-

898 1168 990 1241 Οὗ
1032 1174 1239 1247 καλῶς
1275 1168 1416 1236 τόδε
1457 1173 1643 1253 κῆδος
1683 1166 2045 1256 ἰσόρροπον,
2088 1165 2174 1242 ὥς
2216 1172 2295 1232 σύ
2339 1168 2457 1249 μὲν
2498 1165 2658 1246 ὗιόν,

977 1278 1190 1357 Νικίου,
1235 1280 1317 1341 σύ
1358 1280 1417 1341 δ’
1459 1276 1784 1355 ἔκλαυσας,
1834 1269 2072 1355 Εὔδικε,
2115 1272 2448 1360 θυγατέρα.

736 1389 832 1448 Cf.
881 1387 1132 1447 Anthol.
1181 1388 1292 1445 Gr.
1334 1385 1536 1450 Palat.
1578 1385 1676 1446 ed.
1723 1386 1940 1446 Iacobs
1984 1385 2061 1443 T.
2107 1385 2153 1442 I.
2201 1406 2262 1466 p.
2300 1388 2437 1465 393.
2473 1391 2535 1444 et
2562 1380 2782 1442 Iacob-

735 1496 897 1556 sium
957 1493 1037 1553 ad
1095 1494 1278 1555 Tom.
1338 1492 1442 1551 ΙΙΙ,
1496 1514 1561 1575 p.
1621 1495 1759 1574 289.
1816 1491 2089 1552 Brunck.
2134 1490 2215 1551 ad
2254 1491 2436 1551 Tom.
2481 1487 2587 1549 IV.
2633 1488 2780 1546 Nro.

734 1605 874 1681 674.
978 1599 1173 1659 Errat
1215 1618 1467 1680 quoque
1505 1600 1586 1659 D.
1630 1599 1747 1659 Ios.
1791 1597 2125 1659 Barberius
2172 1600 2292 1675 (De
2334 1595 2588 1656 miseria
2624 1614 2782 1677 poe-

735 1716 855 1766 tar.
900 1704 965 1763 in
997 1707 1084 1764 10.
1117 1704 1423 1765 Gronovii
1448 1703 1636 1765 Thes.
1665 1704 1995 1787 Antiquitt.
2033 1706 2257 1764 Graec.
2286 1705 2359 1763 T.
2398 1703 2481 1765 X.
2504 1725 2570 1785 p.
2600 1703 2783 1777 8³6.)‚

737 1810 846 1892 qui
889 1809 1074 1869 huius
1119 1810 1337 1870 mortis
1379 1810 1672 1870 miseram
1717 1809 2147 1871 conditionem
2186 1809 2253 1870 in
2299 1818 2586 1870 nostrum
2625 1818 2785 1890 'poe-

735 1926 866 1977 tam
907 1916 1204 1975 transfert
1245 1923 1310 1976 et
1351 1924 1697 1997 propterea
1733 1913 1905 1975 hunc
1950 1915 2154 1977 lusum
2199 1915 2497 1998 apponit:

838 2054 847 2061 -
899 2021 1070 2083 Vere
1133 2020 1285 2082 huic
1341 2019 1534 2081 Uscor
1579 2023 1776 2099 (uxor)
1823 2019 1999 2082 adest
2040 2042 2246 2081 orcus..
2287 2019 2502 2082 Brevis
2546 2040 2617 2081 ex
2655 2018 2786 2102 Hy-

2020 2148 2286 2189 menaeo

975 2230 1087 2290 Est
1129 2229 1373 2313 gradus
1397 2229 1479 2291 ad
1523 2232 1861 2310 tumulum,
1901 2230 2007 2292 hie
2054 2231 2323 2293 dicere·
2305 2253 2445 2293 mre
2474 2241 2704 2317 potest.

776 2370 785 2381 ι
895 2336 1130 2396 Dicens
1198 2336 1369 2396 nasci
1423 2337 1657 2398 iterum
1719 2360 1882 2399 nova
1923 2359 2078 2420 quos
2123 2340 2443 2401 connubia
2485 2339 2787 2424 iungunt;

870 2496 875 2501 ,
976 2441 1230 2504 Falsum
1271 2452 1394 2514 est;
1441 2441 1657 2506 dicere
1698 2467 1844 2505 nam
1889 2444 2110 2506 debuit
2148 2445 2340 2509 hosce
2388 2445 2574 2506 mori.
2558 2470 2614 2525 ,1

739 2558 804 2611 et
839 2548 997 2609 illud
1017 2573 1034 2607 t

901 2656 1197 2739 Quisquis
1245 2655 1311 2714 in
1356 2675 1617 2717 uxorem
1658 2655 1909 2733 cecidit,
1958 2656 2283 2719 descendit
2323 2656 2388 2717 in
2432 2656 2705 2720 Orcum:

980 2762 1124 2822 Rite
1170 2761 1415 2822 inversa
1459 2772 1687 2823 sonant
1725 2763 1935 2824 Uscor
1976 2773 2041 2825 et
2081 2785 2265 2825 orcus
2309 2762 2495 2824 idem.

734 2866 999 2951 Eupolis
1046 2867 1389 2944 recentior,
1437 2868 1713 2928 comicus
1776 2878 1968 2952 poeta
2007 2891 2135 2930 non
2179 2870 2522 2930 admodum
2561 2869 2789 2949 claruS,

735 2985 809 3035 ut
849 2975 1125 3051 videtur,
1171 2997 1206 3035 a
1245 2973 1504 3035 Polluce
1548 2985 2084 3037 commemoratur
2127 2974 2207 3054 (V
2210 2976 2286 3036 11.
2336 2979 2495 3053 168.)
2526 2975 2620 3035 his
2644 2998 2790 3038 ver-

733 3081 868 3144 bis:
925 3080 1067 3144 Ταῖν
1109 3079 1177 3142 δὲ
1227 3076 1319 3145 ἔτι
1358 3078 1668 3161 νεωτέρων
1708 3079 1801 3154 τὶς
1852 3071 2148 3155 Εὔπολις.

897 3186 1157 3269 Eupolis
1203 3186 1394 3247 Eleus
1439 3187 1606 3247 inter
1648 3187 1808 3263 illos,
1842 3188 1964 3270 qui
2006 3186 2072 3247 in
2115 3185 2299 3248 ludis·
2325 3186 2667 3272 Olympicis
2694 3188 2792 3248 vi-

737 3301 986 3369 cerunt,
1030 3292 1329 3355 laudatur
1373 3291 1545 3378 apud
1582 3293 1927 3356 Eusebium
1968 3293 2035 3355 in
2075 3292 2394 3357 Chronico
2433 3295 2533 3357 ed.
2562 3294 2787 3379 Scalig.

737 3421 802 3482 p.
848 3402 989 3479 345.

733 3690 1041 3798 EupoliS,
1099 3715 1463 3800 Sosipolidis
1519 3717 1705 3797 filius,
1760 3706 1952 3802 poeta
2007 3695 2314 3795 comicum,—
2357 3740 2552 3780 annos
2610 3729 2792 3781 natus

734 3827 1165 3910 septendecim
1224 3830 1460 3892 iactare
1507 3852 1574 3893 se
1618 3841 1684 3893 et
1724 3842 2039 3894 ostentare
2082 3833 2148 3891 in
2191 3851 2380 3894 scena
2421 3833 2652 3915 coepit,
2694 3835 2792 3893 fa-

732 3913 1040 4018 bulasque
1112 3935 1330 3996 docuit
1385 3937 1817 4015 septendecim
1880 3937 2091 4015 (Suid.
2159 3930 2453 4013 Εὔπολις.
2505 3938 2795 4000 Eudocia

729 4041 797 4105 in
837 4042 1200 4106 Villoisonis
1244 4043 1480 4105 Anecd.
1527 4044 1638 4105 Gr.
1681 4066 1745 4128 p.
1796 4048 1981 4126 167.).
2068 4044 2298 4107 Suidae
2340 4046 2514 4108 locus
2567 4044 2796 4106 multas
