3119 5087
1593 438 2079 531 ...gg-.-

803 620 1149 702 exemplum
1212 619 1423 695 docet,
1488 641 1629 683 nocv
1659 622 1985 683 maximam
2027 618 2281 704 quidem
2328 618 2739 680 acerbitatem
2788 620 2850 679 in

799 746 986 787 scena
1053 724 1170 784 sibi
1236 725 1473 786 illatam
1530 747 1716 808 aegre
1773 719 2161 809 ackperuut
2199 745 2318 786 nec
2359 724 2580 787 saltem
2620 733 2849 807 poetae

796 831 988 913 paulo
1032 829 1358 891 audaciori
1384 839 1658 891 mortem
1692 830 2112 893 decreverunt
2137 824 2528 892 democ'ratia
2552 828 2847 907 florente,

792 924 1160 1018 impediant,
1202 935 1488 1013 omnine,
1542 936 1875 1018 quominus
1919 935 2156 1020 aliquid
2198 935 2587 997 auctorita-tis
2625 934 2692 996 in
2727 935 2842 997 illis

786 1036 1033 1125 ponere
1057 1042 1378 1126 possimus.
1460 1042 1855 1105 Alcibiadem
1877 1043 2046 1104 enim
2067 1064 2197 1105 non
2213 1042 2414 1105 solum
2426 1042 2507 1103 ab
2523 1040 2839 1124 Eupolide

787 1147 855 1207 in
898 1168 1087 1210 scena
1128 1149 1406 1231 graviter
1437 1147 1805 1210 traductum
1825 1170 1981 1226 esse,
2020 1149 2289 1210 aliorum
2315 1148 2710 1214 comicorum
2739 1171 2841 1212 ex-

786 1254 995 1337 empla
1037 1255 1183 1316 satis
1226 1254 1588 1326 declarant3
1628 1265 1916 1316 nostrum
1956 1276 2110 1317 vero
2135 1264 2394 1338 poetam
2420 1254 2626 1316 minus
2658 1236 2838 1317 usum

784 1375 919 1422 csse
972 1361 1340 1439 acerbitate,
1399 1382 1591 1444 quam
1630 1359 1899 1422 ridiculo
1942 1360 2218 1445 quodam
2263 1372 2330 1423 et
2366 1360 2637 1439 comico,
2664 1360 2839 1446 quod

779 1466 1042 1549 proprie
1085 1465 1338 1544 dicitur,
1367 1487 1599 1550 genere
1637 1466 1911 1543 dicendi,
1940 1468 2129 1529 certis
2158 1476 2446 1529 veterum
2465 1466 2836 1529 testimoniis

780 1571 949 1633 nisus
1010 1571 1131 1632 alio
1177 1571 1323 1632 loco
1369 1571 1716 1633 observavi.
1797 1572 2142 1635 Praeterea
2187 1571 2437 1634 accedit
2475 1571 2709 1634 Suidae
2741 1572 2836 1633 lo,-

779 1699 913 1755 cus,
958 1677 1087 1761 qui,
1130 1686 1203 1738 ut
1241 1675 1396 1737 mihi
1438 1677 1693 1760 quidem
1733 1678 1986 1740 videtur
2033 1700 2102 1740 ex
2136 1679 2319 1740 bonis
2357 1680 2637 1742 fontibus
2675 1679 2837 1740 bau-

777 1792 925 1860 stus,
970 1783 1201 1844 diserte
1242 1782 1458 1861 tradit,
1500 1784 1800 1867 Eupolim
1840 1778 1912 1846 in'
1945 1785 2116 1846 bello
2151 1794 2387 1846 contra*
2407 1783 2834 1847 Lacedaemo-

775 1889 913 1949 nios
958 1889 1281 1972 naufragio
1323 1888 1584 1971 periisse
1631 1890 1696 1951 in
1730 1890 2136 1973 Hellesponto
2167 1901 2233 1952 et
2261 1890 2428 1953 hanc
2462 1892 2545 1952 ob
2581 1913 2833 1953 causam

760 1994 979 2078 legem
1046 1994 1237 2057 latam
1313 2017 1442 2057 esse
1517 1997 1597 2058 ab
1658 1995 2161 2073 Atheniensibus,
2235 1995 2580 2058 secundum
2639 2019 2830 2082 quam

771 2101 931 2161 nulli
975 2111 1202 2185 poetae
1243 2101 1499 2163 licuerit
1540 2102 1606 2161 in
1650 2112 1976 2185 posterum
2016 2101 2169 2163 belli
2214 2101 2476 2185 gerendi
2518 2123 2648 2163 esse
2676 2124 2829 2186 par-

750 2208 970 2291 -tieipi.
1070 2206 1300 2269 Suidae
1367 2212 1446 2286 (v.
1496 2198 2017 2300 Euboica-[haud
2059 2205 2250 2269 dubie
2295 2207 2480 2269 huius
2526 2207 2678 2292 legis
2723 2230 2832 2269 ar-

770 2324 1142 2398 gumentum
1184 2315 1659 2376 obversabatur.
1752 2312 2290 2377 Praeclarissimos
2351 2323 2570 2396 poetas
2618 2314 2827 2397 patria

763 2421 834 2481 in
871 2420 1258 2483 terribilibus
1317 2421 1613 2504 angustiis
1657 2430 1969 2499 versante,
2013 2441 2254 2483 summo
2300 2419 2647 2482 discrimini
2686 2440 2824 2483 sese

764 2526 1084 2603 obtulisse,
1142 2528 1430 2613 Aeschyli
1496 2514 1891 2612 aliorumque
1950 2526 2233 2611 exemplo
2278 2535 2561 2599 constat3
2625 2524 2822 2589 Athe-

765 2636 1012 2697 nienses
1071 2640 1282 2697 autem
1323 2646 1581 2697 mortuo
1630 2635 1890 2696 Cratino
1934 2633 2263 2717 Eupolidis
2304 2633 2822 2716 praestantissimi

762 2741 995 2803 comici
1061 2741 1324 2803 interitu
1382 2741 1660 2824 graviter
1717 2740 1981 2803 afflictos
2038 2739 2120 2801 ad
2164 2739 2357 2802 talem
2400 2740 2605 2824 legem
2648 2740 2824 2801 refu-

761 2847 920 2930 gisse
967 2869 1036 2910 ex
1078 2847 1435 2933 incredibili
1476 2847 1983 2932 spectaculorum
2015 2846 2310 2909 aviditate
2348 2847 2559 2931 colligi
2586 2855 2815 2930 potest.

757 2953 1089 3038 Religione
1146 2963 1299 3015 nota
1357 2955 1632 3039 permoti
1674 2953 2003 3037 Eupolidis
2052 2953 2333 3037 corpori,
2377 2976 2413 3016 e
2455 2955 2617 3016 mari
2661 2976 2819 3017 con-

761 3061 1012 3145 quisito,
1051 3062 1395 3147 gloriosum
1440 3064 1705 3147 exegisse
1748 3063 2044 3126 videntur
2080 3063 2443 3146 sepulcrum
2480 3073 2547 3126 et
2583 3086 2815 3127 monu-
2843 3131 2860 3135 ,

752 3176 1059 3246 mentum,
1103 3171 1277 3231 cuius
1321 3170 1610 3231 meminit
1645 3170 1983 3232 Pausanias
2028 3169 2093 3230 in
2138 3169 2556 3231 Corinthiacis
2600 3172 2713 3250 (11.
2752 3192 2808 3231 c.

755 3277 840 3356 7.)
899 3274 1133 3353 dicenS,
1200 3286 1345 3359 post
1401 3275 1555 3359 Lyci
1615 3285 2099 3338 monumentum
2154 3284 2329 3337 trans
2390 3279 2668 3360 Asopum
2732 3277 2814 3339 ad

756 3380 1039 3442 dextram
1081 3381 1444 3464 Olympium
1489 3401 1622 3442 esse
1653 3380 1736 3442 ad
1763 3380 2005 3441 laevam
2036 3380 2400 3462 sepulcrum
2428 3388 2811 3447 exstructum

752 3505 888 3549 esse
931 3477 1229 3569 Eupolidi
1270 3485 1657 3563 Atheniensi,
1702 3485 2176 3548 comoediarum
2222 3487 2538 3571 scriptori*
2567 3484 2812 3568 (Εὖπό-

749 3592 880 3655 λιδι
912 3585 1226 3677 Ἀθηναίῳ
1267 3587 1595 3672 ποιήσαντι
1634 3587 1983 3677 κωμῳδῶν.
2061 3592 2433 3677 Legendum
2472 3595 2646 3658 haud
2687 3596 2807 3660 du-

745 3697 854 3759 bie
900 3694 1293 3782 κοιῃιῳὸιίικς).ἱ
1337 3697 1455 3757 Hic
1496 3696 1672 3758 locus
1719 3717 1754 3757 e
1796 3698 2103 3759 Pausania
2145 3698 2495 3785 descriptus
2544 3704 2804 3765 omnino

747 3801 985 3866 refutat
1038 3802 1413 3865 sententiam
1474 3801 1751 3879 illorum,
1808 3802 1918 3887 qui
1960 3803 2024 3865 in
2072 3803 2349 3868 Siciliam
2387 3818 2643 3891 poetam
2685 3831 2810 3873 no-

745 3921 947 3972 strum
998 3918 1251 3973 vectum
1305 3929 1438 3972 esse
1478 3910 1879 3992 perhibeant,
1923 3931 1995 3974 ex
2039 3935 2163 3996 qua
2206 3914 2601 3998 expeditione
2643 3938 2805 3999 quo-

745 4014 938 4077 modo
998 4014 1062 4075 in
1119 4014 1627 4097 Peleponnesum
1684 4015 1903 4078 allatus
1960 4028 2150 4102 atque
2205 4021 2497 4104 sepulcro
2541 4031 2804 4084 ornatus

743 4121 958 4198 fuerit,
1002 4119 1258 4183 difficile
1304 4130 1398 4183 est
1440 4119 1803 4194 intellectum
1853 4143 1930 4186 eo
1955 4126 2349 4208 probabilius
2383 4128 2525 4211 erit,
2561 4147 2706 4193 eum
2738 4129 2805 4192 in
