3119 5087
1415 302 1446 348 6

304 588 502 675 oculis
564 591 1033 697 comparandis,
1115 621 1386 699 propter
1442 613 1775 693 electrum,
1841 631 1916 681 ex·
1966 635 2093 700 quo
2142 615 2365 700 priscis

305 719 697 802 temporibus
761 720 924 781 facti‘
996 730 1199 799 erant,
1265 712 1541 806 ἢλεκτρα.
1573 721 1932 801 nominatis,
1990 723 2366 800 constitisse,

300 823 513 907 colligi
553 834 781 907 potest.
864 827 1156 889 Fortasse
1197 827 1402 888 lusum
1440 827 1655 912 posuit
1699 837 1892 911 poeta
1933 827 1999 889 in
2039 829 2365 890 vocabulis
2415 866 2424 879 x

299 925 567 1013 ἔκλυοον
617 941 681 992 et
715 937 1117 1016 παραληρεῖν.
1197 934 1370 995 Haec
1410 933 1736 996 hactenus.

460 1038 785 1165 Sequente
844 1059 1009 1100 anno
1072 1038 1283 1102 idem
1272 1040 1614 1118 Cratinus,
1679 1062 1869 1141 quem
1913 1039 2364 1145 Aristophanes

299 1136 646 1227 περιὲᾆρῥιν
714 1153 782 1205 et
833 1147 1045 1228 ληρεῖν
1091 1145 1279 1207 ferias
1335 1145 1529 1229 igitur
1586 1168 1796 1231 agere,
1856 1156 1921 1208 et
1978 1168 2078 1210 res
2120 1147 2365 1267 ineptas

299 1257 580 1311 tractare
624 1249 885 1329 dixerat,
930 1249 1205 1314 ostendit
1238 1252 1748 1330 Atheniensibus,
1781 1275 2164 1336 quamquam
2200 1253 2366 1315 vires

295 1354 735 1419 musculorum
777 1358 1063 1441 corporis
1101 1370 1371 1443 propter
1411 1369 1699 1443 vegetam
1739 1369 1805 1421 et
1842 1359 2232 1442 decrepitam
2268 1381 2368 1422 se-

299 1471 625 1525 nectutem
666 1465 989 1549 paulisper
1028 1464 1348 1529 hebitatae
1399 1467 1543 1543 sint,
1585 1463 1909 1547 ingenium
1948 1475 2163 1528 tamen
2207 1465 2371 1528 inte-

297 1568 585 1651 gerrimis
632 1570 867 1632 viribus
911 1591 1282 1656 summoque
1321 1573 1539 1657 vigore
1581 1571 1942 1663 praeditum
1986 1594 2140 1637 esse.
2207 1570 2366 1633 Nam

298 1674 408 1737 ille
464 1696 653 1739 senex
717 1678 1060 1761 nonaginta
1119 1700 1221 1740 sex
1262 1680 1397 1741 fere
1447 1699 1780 1756 annorum,
1825 1678 2084 1740 iuvenili
2129 1679 2367 1740 robore

295 1782 645 1843 instructus
685 1803 832 1844 cum
872 1783 1289 1872 Aristophane
1335 1785 1695 1847 adversario
1745 1795 2103 1846 certaturus
2130 1785 2195 1845 in
2223 1807 2367 1848 are-

298 1909 448 1950 nam
492 1888 820 1950 descendit
877 1911 1255 1976 omnemque
1318 1913 1538 1952 curam
1594 1891 1926 1976 impendit,
1965 1903 2040 1954 ut
2080 1912 2210 1957 non
2258 1914 2363 1952 so-

295 1994 433 2057 lum
492 1994 928 2057 adversarium
982 2018 1168 2059 suum
1228 1997 1547 2059 acerbiori
1609 1997 1882 2081 flage110,
1941 2021 2133 2082 quam
2192 1998 2365 2082 apud

290 2100 474 2163 illum
513 2122 751 2184 poenas
795 2101 1082 2183 dederat,
1123 2115 1619 2188 persequeretur
1650 2128 1867 2168 coram
1892 2105 2133 2190 populo
2169 2103 2369 2166 Athe-

292 2207 628 2285 niensium,
693 2207 804 2269 sed
854 2210 1045 2271 etiam
1090 2210 1429 2273 victoriam
1469 2221 1856 2295 reportaret.
1966 2211 2185 2294 Neque
2227 2230 2370 2293 spes

294 2333 442 2376 eum
491 2313 737 2376 fefellit.
854 2316 1106 2378 Tertius
1175 2317 1364 2377 huius
1428 2317 1793 2377 certaminis
1853 2316 2171 2400 particeps
2229 2325 2371 2378 erat

289 2419 616 2503 Amipsias.
698 2421 781 2482 At
828 2420 1115 2485 docuisse
1148 2422 1645 2506 ¹Aristophanem
1687 2424 1897 2485 Nubes
1945 2441 2113 2484 anno
2154 2413 2363 2506 primo

298 2525 690 2612 Olympiadis
756 2529 1176 2611 octogesimae
1234 2553 1465 2609 nonae,
1505 2529 1832 2594 Archonte
1880 2529 2159 2609 Isarcho,
2203 2529 2369 2591 Dio-

296 2633 510 2716 nysiis,
567 2641 836 2695 testatur
887 2635 1166 2727 primum
1231 2648 1410 2699 vetus
1457 2638 1734 2722 scriptor
1776 2638 1842 2697 in
1886 2635 2367 2699 enumeratione

300 2739 774 2825 olympiadum,
835 2741 1066 2805 deinde
1131 2746 1578 2828 grammaticus
1633 2766 1980 2830 anonymus
2047 2743 2113 2803 in
2174 2763 2365 2824 argu-

290 2858 512 2910 mento
569 2856 739 2912 sexto
794 2848 1231 2933 Aristophanis
1279 2852 1563 2914 Nubibus
1626 2852 1905 2935 praefixo
1960 2858 2025 2911 et
2086 2847 2366 2930 denique

290 2952 647 3015 Scholiasta
687 2954 770 3015 ad
811 2958 1020 3019 Nubes
1073 2980 1132 3027 v.
1178 2962 1317 3022 518.
1361 2959 1461 3020 ed.
1505 2959 1749 3038 Herm„
1790 2978 1989 3041 porro
2034 2955 2367 3017 Cratinum

294 3080 367 3122 ex
406 3059 531 3121 hoc
578 3063 926 3125 certamine
968 3064 1244 3148 palmam
1288 3067 1600 3143 retulisse,
1666 3045 1874 3149 neque
1919 3085 2060 3125 eam
2105 3061 2185 3124 de
2230 3083 2368 3122 uno

291 3163 717 3248 Aristophane
762 3171 874 3231 sed
915 3170 994 3233 de
1033 3171 1310 3255 Amipsia
1353 3191 1630 3256 quoque,
1676 3171 1764 3232 ita
1815 3169 2092 3255 quidem,
2121 3179 2193 3231 ut
2218 3168 2364 3229 Ari-

291 3269 632 3354 stophanes
679 3302 808 3340 non
854 3279 1058 3341 solum
1102 3276 1490 3340 deteriorem
1523 3277 1960 3360 conditionem
1985 3284 2364 3359 sequeretur

295 3384 411 3445 sed
466 3385 752 3446 iudicum
804 3385 1127 3447 sententiis
1187 3384 1443 3467 utrique
1489 3371 1721 3467 poeta'e
1784 3381 2180 3466 posthabitus
2225 3405 2365 3442 ma-

292 3512 444 3575 gnas
485 3511 724 3574 poenas
772 3490 953 3553 daret
1000 3499 1268 3575 propter
1328 3510 1508 3551 suam
1564 3488 1877 3573 gloriandi
1921 3498 1987 3553 et
2027 3486 2367 3552 cavillandi

292 3597 678 3682 cupidinem.

454 3704 696 3765 Cratini
738 3704 976 3781 fabula,
1021 3724 1182 3787 quae
1229 3694 1269 3784 ἦ
1315 3699 1561 3784 Πυτίνη
1605 3691 2092 3779 inscribebatur,
2136 3699 2365 3762 admo-

291 3810 444 3872 dum
486 3811 810 3874 celebrata
855 3820 993 3873 erat
1028 3820 1299 3893 propter
1339 3831 1616 3888 causam,
1661 3830 1785 3892 qua
1825 3816 2154 3892 permotus
2203 3806 2366 3867 Cra-

292 3917 465 3979 tinus
507 3918 573 3979 in
629 3939 883 3979 scenam
922 3916 1167 4000 prodiit
1212 3925 1277 3978 et
1312 3925 1584 3999 propter
1628 3914 2022 3998 decrepitam
2071 3925 2368 4001 senectu-

285 4033 440 4103 tem,
485 4047 697 4108 quam,
741 4045 887 4086 cum
929 4024 1102 4084 illam
1144 4031 1586 4107 componeret,
1636 4030 1949 4082 assecutus
2003 4030 2161 4082 erat.
2247 4021 2360 4081 Ti-
2427 4023 2433 4027 ⁴

287 4131 460 4197 tulus
526 4130 711 4194 huius
770 4131 1027 4196 fabulae
1087 4128 1393 4195 convenit
1447 4138 1841 4214 argumento.
1966 4125 2214 4210 Πυτίνῃ
2272 4136 2367 4189 est
