3119 5087
310 587 497 661 parat
559 574 978 653 difficultates,
1046 575 1125 638 de
1186 578 1410 662 quibus
1454 575 1808 639 videbimus
1850 573 2045 659 paulo
2088 573 2404 653 inferius,-

310 684 423 745 uhi
465 682 685 744 licebit
725 683 901 745 litem
939 682 1154 745 forsan
1198 683 1512 746 discutere
1556 693 1622 745 et
1653 683 1731 745 de
1759 682 2009 765 singulis
2035 681 2377 744 momentis

315 792 669 853 accuratius
730 789 1115 873 disquirere3
1174 789 1299 850 hoc
1358 789 1502 851 loco
1562 788 1832 850 sufficiat
1887 788 2223 864 monuisse,
2269 808 2375 849 me

315 921 509 960 unam
573 898 824 961 illarum
865 873 1060 957 trium
1101 896 1619 958 coniecturarum
1661 895 1997 978 recepisse,
2044 915 2194 978 quas
2235 895 2378 954 Kn-

315 1016 516 1067 sterus
559 1003 640 1063 ad
680 1002 838 1063 Suid
874 1002 914 1062 l.
959 1002 998 1062 l.
1044 1001 1398 1085 proposuit,
1447 1001 1676 1063 dubius
1722 1002 1874 1084 ipse,
1914 1023 2104 1085 quam
2144 1021 2377 1083 sequa-

314 1121 441 1173 tur.
526 1110 744 1171 Lectio
793 1108 961 1193 apud
1002 1109 1261 1170 Suidam
1285 1108 1445 1169 haec
1485 1117 1616 1170 est:
1665 1100 1962 1184 Εὔπολις,
2000 1103 2375 1181 Σωσίπολις,

313 1218 641 1296 Αθηναῖος
684 1224 803 1276 cet.
902 1215 1121 1276 Critici
1165 1215 1327 1277 iusto
1350 1209 1729 1276 ‘audacioris
1773 1224 1933 1276 esset
1969 1235 2195 1275 vocem
2235 1213 2374 1273 Σω...

314 1320 566 1395 σι’πολις
623 1344 750 1382 una
789 1320 983 1381 litura
1027 1319 1274 1392 delere;
1331 1321 1522 1404 paulo
1566 1321 1833 1382 ieiunius
1880 1321 2047 1381 foret
2088 1329 2154 1382 et
2193 1318 2372 1379 inso-

314 1428 566 1505 lentiuS,
625 1427 676 1489 si
739 1427 959 1488 Suidas
1011 1426 1136 1489 hoe
1177 1427 1558 1490 vocabulum
1601 1426 1940 1488 addidisset
1981 1425 2245 1487 maxime
2295 1445 2374 1484 eo

324 1535 610 1613 consilio,
673 1543 745 1594 ut
799 1554 1022 1595 vocem
1085 1523 1360 1607 Εὔπολις
1418 1554 1494 1595 eo
1530 1532 1750 1610 modo,
1816 1553 1940 1615 quo
1998 1528 2374 1607 Σωσίπολις,

319 1642 560 1703 dictum
618 1649 683 1701 et
719 1640 1062 1701 formatum
1104 1660 1236 1702 esse
1282 1640 1767 1719 demonstraret,
1822 1639 2123 1723 quoniam
2163 1658 2373 1720 neque

310 1746 379 1809 in
423 1748 631 1808 forma
680 1747 968 1808 vocabali
1015 1736 1292 1820 Εὔπολις
1334 1746 1572 1831 aliquid
1615 1745 1783 1824 insit,
1834 1746 2007 1832 quod
2046 1746 2374 1820 miremur,

316 1874 532 1935 neque
587 1850 900 1914 vocabula
959 1852 1146 1913 simili
1228 1853 1419 1914 modo
1501 1854 1852 1937 composita
1925 1863 2000 1914 ut
2049 1850 2374 1935 Sosipolis,

240 1996 254 2001 -
313 1958 744 2041 Dicaeopolis,
805 1957 1206 2042 Cratesipolis
1269 1958 1735 2022 desiderentur.
1822 1960 1953 2019 Iam
1994 1958 2046 2019 si
2080 1957 2206 2037 hqc
2246 1965 2375 2017 sta-

311 2076 659 2151 meremus,
703 2065 876 2126 locus
917 2066 1049 2148 ipse
1096 2066 1504 2149 corrigendus
1552 2076 1731 2128 esset.
1774 2074 1846 2127 ut
1870 2069 2178 2127 Kusterus
2218 2083 2374 2145 pro-

318 2172 553 2256 posuit,
614 2167 699 2244 ὥς
739 2168 1110 2244 Σωσὺῑολις.
1211 2170 1382 2247 Quid
1436 2191 1618 2231 vero·
1648 2191 1762 2231 nos
1826 2169 2248 2231 desideramus
2304 2167 2371 2228 in

312 2279 464 2339 loco
522 2277 792 2338 Suidae?
854 2279 922 2337 In
974 2277 1218 2339 ,notitia
1282 2276 1360 2337 de
1404 2275 1721 2358 Eupolide
1766 2275 1961 2358 patris
2003 2295 2256 2351 nomen,
2305 2273 2371 2333 in

314 2406 442 2469 quo
499 2382 798 2467 ponendo
859 2391 923 2443 et
981 2382 1366 2466 cognominis
1431 2382 1627 2442 instar
1670 2379 1961 2441 addendo
2010 2380 2239 2442 Graeci
2281 2379 2371 2440 ita

232 2504 237 2513 “
308 2501 674 2556 constantes
722 2491 925 2568 fuere,
988 2498 1060 2550 ut
1117 2490 1182 2549 in
1239 2487 1491 2573 singulis
1559 2487 1738 2566 lociS,
1792 2486 1888 2548 his
1932 2485 2217 2562 maxime,
2262 2483 2369 2568 qui

310 2599 508 2659 vitam
569 2595 953 2679 scriptorum
1001 2596 1400 2673 adumbrant,
1460 2595 1782 2679 postulare
1824 2593 1920 2700 id!
1929 2614 2114 2676 posse
2153 2592 2380 2655 videa-a

305 2726 475 2767 mur.
565 2704 782 2786 Itaque
832 2702 1196 2786 Sosipolidis
1257 2723 1489 2763 nomen
1548 2702 1754 2763 fuisses
1796 2700 1965 2783 patri
2031 2698 2363 2788 Eupolidis

307 2810 467 2872 mibi
522 2808 778 2892 quidem
829 2808 1085 2873 videtur
1150 2809 1518 2871 coniectura
1576 2827 1709 2869 esse
1772 2807 2054 2868 omnium
2102 2804 2367 2879 maxime

307 2915 678 3001 probabilis,
1645 2933 1650 2941 ·
2148 2955 2161 2968 .
2329 2925 2349 2952 ’κ

479 3023 610 3083 Iam
663 3020 834 3082 idem
888 3021 1108 3083 Suidas
1171 3021 1239 3082 in
1293 3007 2198 3120 sequentibusxcommemorat
2234 3020 2368 3081 Eu-

305 3128 539 3214 polidis
582 3139 879 3207 mortem,
920 3151 1103 3213 quae,
1145 3129 1328 3190 sicuti
1373 3129 1654 3189 omnium
1692 3128 1828 3189 fere
1869 3138 2205 3211 poetarum
2238 3128 2371 3188 cla-

308 3253 537 3296 rorum
594 3235 884 3297 interitus
910 3236 1210 3298 tenebris
1252 3235 1353 3296 vel
1399 3235 1619 3296 saltem
1659 3233 1938 3294 mirificis
1982 3233 2367 3295 narrationi-

307 3342 429 3403 bus
473 3342 805 3403 obvolutus
851 3364 978 3404 esse
1024 3342 1203 3421 solet,
1249 3341 1495 3407 diverse
1538 3363 1575 3402 a
1625 3339 1880 3401 diversis
1911 3342 2143 3403 tradita
2174 3342 2369 3404 adeo-

307 3469 434 3531 que
481 3450 728 3512 sinistre
775 3449 1115 3512 diiudicata
1159 3460 1251 3511 est
1292 3449 1440 3511 inde
1483 3472 1519 3509 a
1561 3448 1780 3533 priscis
1825 3450 2237 3531 temporibus,
2294 3458 2370 3510 ut

308 3566 376 3619 et
422 3555 708 3617 historici
754 3566 820 3618 et
863 3555 1251 3639 grammatici
1301 3556 1532 3617 Graeci
1573 3554 1738 3615 hanc
1771 3554 2203 3637 quaestionem
2236 3575 2367 3614 non

304 3661 610 3729 intactam
667 3663 1119 3745 relinquerent,
1191 3662 1341 3745 quin
1383 3661 1593 3745 potius
1635 3660 2010 3737 accuratiuS,
2056 3681 2262 3743 quam·
2288 3659 2367 3721 de

305 3771 432 3834 alio
485 3769 670 3831 simili
713 3778 1079 3851 argumento
1131 3770 1367 3830 factum
1409 3776 1522 3844 est,
1589 3766 2038 3848 disputationes
2084 3766 2369 3828 institue-

304 3885 462 3940 runt
522 3876 932 3959 subtiliusque
994 3875 1434 3959 disquirerent.
1533 3873 1860 3957 Eupolim,
1904 3894 2049 3934 cum
2089 3873 2367 3936 fabulam

288 3980 563 4053 ,Βάπται
603 3983 990 4064 inscriptam,
1039 3981 1102 4041 in
1154 4005 1279 4065 qua
1322 4003 1402 4042 ne
1446 3980 1700 4042 summis
1745 3982 1840 4043 rei
1878 3980 2174 4063 publicae
2219 3981 2367 4043 viris

301 4090 619 4177 pepercit,
661 4087 1054 4153 Alcibiadem
1094 4109 1256 4152 vero*
1292 4085 1685 4175 potissimum
1739 4087 2123 4176 perstrinxit,
2169 4090 2367 4155 docu-
