3119 5087
1550 447 1659 469 2-
1765 417 1920 489 106.
2004 450 2094 465 --

796 607 875 664 At
947 625 1027 666 ne
1101 601 1265 665 hane
1337 599 1594 687 quidem
1660 602 2170 665 emendationem
2229 601 2505 686 probare
2572 601 2902 686 equidem'

794 732 1068 795 possum,
1135 730 1282 772 cum
1327 731 1454 772 non
1504 708 1809 773 credibile
1847 709 1948 788 sit,
1989 690 2296 793 parasitos
2340 709 2533 793 pallia
2574 730 2686 770 sua
2729 731 2863 777 om-

793 821 895 879 nia
958 839 1174 880 secum
1263 817 1327 878 in
1392 838 1581 879 scena
1636 825 1922 900 portasse
1989 803 2059 879 et
2113 811 2417 878 distincte
2469 815 2860 878 auditoribus

792 924 1171 995 ostendisse3
1228 906 1430 987 altero
1487 923 1701 1007 potius
1759 922 1967 984 induti
2019 933 2184 1000 sunt,
2227 923 2354 1005 duo
2396 923 2460 984 in
2502 923 2863 986 universum

790 1052 854 1091 se
882 1029 1215 1113 possidere
1243 1039 1767 1092 commemorant.
1823 1029 1996 1091 Haec
2018 1028 2330 1098 sententia
2357 1050 2433 1089 eo
2460 1028 2658 1112 magis
2687 1051 2861 1091 com-

785 1136 1147 1200 mendanda
1178 1137 1453 1215 videtur,
1483 1159 1678 1221 quum
1712 1135 2117 1199 statuendum
2149 1145 2244 1198 est
2275 1134 2447 1197 haud
2476 1135 2690 1214 dubie,
2728 1160 2863 1199 sce-

788 1268 935 1306 nam
978 1246 1166 1305 fuisse
1209 1244 1275 1304 in
1321 1243 1506 1321 foro„
1545 1242 1844 1304 videlicet
1887 1263 1961 1303 ea
2004 1243 2174 1318 sede,
2249 1265 2439 1324 quam
2495 1266 2617 1325 per
2656 1254 2863 1305 totum

788 1351 957 1413 diem
995 1360 1365 1435 presserunt
1395 1349 1677 1432 parasiti,
1716 1347 1863 1411 inde
1899 1349 2388 1411 circumforanei
2426 1348 2615 1421 diem
2660 1352 2872 1412 altero·

781 1459 978 1541 pallio
1028 1456 1281 1517 indutos
1323 1458 1533 1516 forum
1576 1474 1641 1516 se
1688 1465 1910 1538 petere
1953 1455 2071 1537 ipsi
2115 1456 2496 1515 confirmant
2536 1477 2724 1517 versu
2767 1479 2860 1519 se·—

779 1565 1005 1646 ptim0.
1133 1559 1395 1625 Τούτοιν
1453 1570 1550 1623 est
1597 1571 1934 1645 praeterea
1976 1560 2167 1622 lectio
2215 1562 2858 1640 omnium'codicum,

783 1694 970 1756 quam
1035 1691 1221 1752 aegre
1262 1668 1578 1752 relinquo.
1884 1752 1887 1757 ᾗ

942 1775 1343 1859 Hyperbolus
1400 1776 1703 1856 pessimus
1760 1774 1953 1839 horno
2011 1783 2075 1837 et
2130 1773 2645 1859 flagitiosissimus
2707 1756 2855 1837 civis

779 1904 849 1943 ex
896 1882 1116 1944 infimo
1160 1882 1306 1941 loco
1351 1880 1611 1942 tandem
1656 1890 1751 1942 est
1785 1903 2058 1942 summos
2099 1881 2377 1944 honores
2405 1882 2669 1965 adeptus
2701 1885 2855 1962 (Ae-

773 1989 924 2048 lian.
972 1987 1124 2051 Var.
1181 1988 1339 2048 Hist.
1388 1989 1528 2048 XII.
1574 1991 1698 2068 3.);
1743 1988 1864 2049 fuit
1906 1988 2076 2050 enim
2102 1992 2478 2069 λυχνοποιὸς
2501 1988 2850 2072 (Aristoph.

770 2096 932 2156 Nub.
1013 2099 1187 2176 1064.
1249 2095 1370 2178 Eq.
1442 2101 1640 2159 1301..
1684 2093 1876 2177 Vesp.
1947 2098 2175 2171 ιοοι.),
2215 2103 2361 2176 post
2410 2093 2713 2156 Cleonem
2760 2095 2853 2156 rei

771 2202 1068 2285 publicae
1128 2201 1574 2285 gubernationi
1637 2199 1927 2264 admotus
1987 2200 2168 2281 (Pac.
2214 2205 2389 2276 680.)
2433 2212 2623 2286 atque
2667 2213 2852 2265 antea

752 2310 1076 2370 *obscurus
1127 2309 1311 2385 (Nub.
1356 2313 1492 2391 592.
1543 2313 1715 2388 624.)
1765 2329 1992 2391 magna
2035 2308 2417 2370 auctoritate
2462 2309 2661 2370 valuit
2684 2311 2853 2394 apud

772 2416 1208 2477 Athenienses·
1301 2414 1569 2498 Eupolis
1633 2424 1705 2475 ut
1767 2415 2095 2476 scelestam
2138 2414 2333 2474 vitam
2378 2415 2524 2492 eius·
2554 2417 2698 2478 satis
2742 2439 2851 2479 ae-

772 2532 992 2585 curate
1037 2521 1412 2605 depingeret
1458 2521 1856 2583 comoediam
1901 2520 2152 2605 scripsit
2192 2523 2530 2601 Maricam,
2575 2545 2851 2608 eumque

766 2630 884 2690 sub
932 2628 1118 2689 huius
1161 2628 1431 2689 nominis
1458 2628 1746 2711 persona
1788 2629 1852 2688 in
1899 2649 2153 2689 scenam
2202 2628 2445 2694 induxit
2487 2630 2734 2709 (Schol.
2770 2630 2852 2691 ad

765 2736 1085 2818 Aristoph.
1132 2735 1295 2796 Nub.
1342 2738 1481 2800 55³.
1529 2738 1668 2818 592.
1730 2734 2060 2795 Plutarch.
2101 2734 2240 2796 Nic.
2288 2756 2344 2796 c.
2390 2754 2466 2820 4„
2507 2735 2721 2797 Schol.
2755 2736 2851 2797 ‘ad
2922 2757 2930 2762 ·

763 2839 1090 2924 Aristoph:
1131 2841 1290 2901 Rau.
1337 2840 1535 2923 677.).
1621 2838 1931 2901 Maricam
1988 2840 2453 2924 interpretatur
2493 2841 2842 2926 Hesychius

763 2947 1090 3011 Κίναιὸον·
1162 2943 1225 3009 οἱ
1281 2944 1351 3009 δὲ
1388 2941 1794 3028 ὑποκόρισμα
1830 2946 2082 3009 παιδίου
2125 2939 2389 3031 ἇᾷῥενος
2432 2949 2852 3031 βαρβαρικοῦ.

767 3051 1195 3132 Quintilianus
1248 3051 1406 3140 inst.
1468 3074 1566 3114 or.
1625 3054 1671 3112 Ι.
1732 3075 1827 3117 ιο.
1870 3076 1934 3135 p.
1986 3059 2123 3118 106.
2169 3054 2271 3116 ed.
2313 3031 2534 3115 Burm.
2578 3047 2858 3116 testatur

763 3162 1072 3224 Maricam
1131 3159 1423 3222 confiteri
1482 3159 1653 3241 apud
1708 3160 2009 3243 Eupolim
2069 3160 2225 3221 nihil
2271 3182 2337 3224 se
2378 3162 2542 3223 scire
2588 3182 2659 3223 ex
2704 3183 2852 3222 mu-

764 3268 904 3329 sicis
951 3267 1067 3327 nisi
1111 3261 1386 3337 litteras}
1452 3266 1732 3327 Maricae
1777 3266 2035 3327 nomine
2084 3288 2240 3329 vero
2286 3267 2663 3351 exagitatum
2708 3288 2849 3329 esse

763 3374 1227 3460 Hyperbolum,
1269 3371 1618 3450 hominem,
1663 3372 1843 3433 cuius
1888 3371 2363 3454 improbitatem
2402 3383 2648 3438 veteres
2681 3374 2853 3436 Atti-

764 3505 988 3545 corum
1033 3479 1404 3542 comoediae
1451 3478 1797 3562 praecipue
1840 3489 2147 3540 notarunt
2190 3479 2586 3560 (Cic..l31·ut.
2624 3500 2681 3541 c.
2713 3484 2845 3556 62.)

763 3613 834 3652 ex
898 3588 995 3649 his
1059 3583 1496 3668 Aristophanis
1525 3583 1838 3647 -versibus
1898 3582 2274 3667 intelligitur
2318 3586 2500 3667 (Nub.
2546 3589 2688 3671 647.
2709 3595 2715 3600 ’
2737 3587 2848 3650 ed.

768 3698 1011 3771 Herm.)
1039 3719 1054 3753 z

849 3796 857 3804 ’
927 3790 1124 3869 Οὗτοι
1167 3798 1251 3874 δ’,
1292 3789 1379 3870 ὧς
1428 3787 1593 3871 ἅπαξ
1633 3792 1996 3879 παρέδωκον
2040 3798 2240 3879 λαβὴν
2267 3793 2685 3883 εΥπέρβολος,

925 3904 1166 3969 τοῦτον·
1200 3898 1473 3966 δείλαιον
1518 3901 1856 3985 nola-903&
1904 3896 2021 3981 ἇεί,
2064 3902 2175 3967 καί
2213 3908 2329 3987 τὴν
2378 3904 2639 3990 μήτέρα.
2678 3935 2682 3937 ’
2771 3925 2776 3930 ’

936 4000 1217 4081 Εὔπολις
1251 4003 1371 4087 μὲν
1408 4006 1538 4071 τόν.
1573 4007 1877 4091 Μαρικᾶν
1920 4004 2274 4093 πρώτιστον
2313 4011 2748 4096 παρείλκυσεν,

931 4109 1286 4199 ἐκστρέψας
1326 4114 1476 4189 τοὺς
1525 4108 1862 4199 ἡμετέρους
1893 4109 2149 4191 Ἱππέας
2184 4119 2381 4194 κακᾶς·
2412 4116 2643 4199 zanek,
