3119 5087
1050 412 1579 484 -105—

202 594 205 601 '
298 614 447 656 eum-
498 594 756 677 pluralis
809 616 1109 658 numerus
1175 596 1240 657 in
1284 594 1815 679 praecedentibus
1864 598 2169 680 parasitos
2219 600 2372 678 (sive

296 703 564 763 chorum
608 702 809 783 ipsum
854 701 982 765 sive
1033 702 1383 785 choragum
1427 704 1798 788 loquentem
1839 708 2183 788 ponamus)
2249 679 2390 769 κιο-’ἵ

298 818 484 884 taret,
526 807 855 891 singularis
902 830 1201 870 numerus
1244 809 1454 874 ieiune
1494 810 1803 894 sequitur.
1883 811 2021 871 Nou
2071 833 2174 872 me
2208 813 2370 894 fugit

296 924 516 997 poetas
564 916 629 974 in
674 915 1005 978 comoedia
1045 915 1290 999 pariter
1331 938 1405 977 ac
1463 916 1810 1000 tragoedia·
1848 913 2141 994 chorum,
2208 940 2368 1000 qua-

294 1034 478 1084 tenus
500 1004 717 1084 totum
765 1021 1025 1107 aliquod
1065 1044 1216 1084 eum
1256 1021 1709 1098 existimarent,
1747 1020 2044 1104 singulari
2075 1045 2367 1100 numero,

295 1138 604 1213 quatenus
645 1128 920 1212 singulos
970 1128 1384 1212 respicerent,
1423 1128 1657 1211 plurali
1705 1149 1972 1190 numero
2012 1128 2091 1191 de
2120 1150 2187 1192 se
2229 1130 2366 1212 ipso

293 1238 666 1319 loquentem
694 1235 761 1295 in
801 1255 1058 1297 scenam
1102 1234 1444 1321 in-duxisse3
1487 1233 1775 1297 concedo
1818 1256 2074 1319 quoque
2120 1235 2186 1296 in
2232 1255 2363 1297 uno

293 1341 649 1425 eodemque
692 1339 942 1402 cantico
987 1338 1154 1402 hanc
1194 1340 1572 1404 sententiam
1624 1348 2078 1411 commutatam
2131 1342 2253 1426 legi
2298 1353 2363 1404 et

290 1447 560 1508 multum
622 1466 810 1529 saepe
871 1444 1078 1507 valere
1123 1437 1203 1507 ad
1249 1446 1624 1507 varietatem
1667 1446 2019 1533 elegantem
2065 1448 2363 1512 ‘efficien-

290 1554 459 1631 dam,
508 1552 621 1616 sed
675 1552 970 1636 despero,
1033 1551 1187 1637 quin
1248 1552 1375 1614 loci
1431 1552 1859 1630 inveniantur,
1920 1554 2028 1637 qui
2093 1553 2158 1645 in
2234 1576 2360 1616 una

284 1661 472 1722 simul
549 1660 899 1745 eademque
966 1660 1414 1723 enunciatione
1450 1658 1749 1724 ,chorum
1807 1670 1875 1723 et
1931 1661 2228 1744 singulari
2296 1674 2362 1724 et

287 1766 525 1850 plurali
569 1788 839 1829 numero
856 1804 863 1820 A·
882 1787 1018 1829 sese
1060 1766 1493 1829 nominantem
1535 1766 1892 1830 exhibeant.
1978 1770 2161 1845 Quae
2205 1792 2353 1831 cum

283 1873 374 1933 ita
431 1871 577 1948 sint,
640 1870 796 1934 alius
854 1872 1145 1937 lectionis
1199 1871 1659 1958 proponendae
1705 1873 2068 1955 periculum
2127 1875 2250 1939 feci
2295 1885 2360 1938 et

291 1978 382 2040 sic
423 1977 763 2063 legendum
806 1999 941 2042 esse
985 1989 1231 2042 statuo:

610 2087 842 2168 μικρόν
880 2082 951 2148 δὲ
989 2085 1288 2165 τελοῦμεν
1327 2079 1523 2174 αὐτῷ.
1773 2150 1786 2163 ,

285 2188 550 2252 Parasiti
609 2190 729 2273 ipsi
791 2189 1007 2273 inopia
1064 2191 1289 2274 pressi,
1348 2210 1497 2255 cum
1550 2192 1893 2277 proprium
1934 2213 2185 2258 servum
2229 2217 2361 2259 non

280 2295 579 2374 habeant,
617 2297 916 2374 alienum,
950 2298 1057 2382 qui
1092 2297 1357 2360 divitum
1394 2301 1655 2362 nomina
1693 2310 1759 2363 et
1789 2320 1891 2362 res
1926 2298 2093 2364 hene
2126 2304 2355 2379 noscit,

280 2404 581 2467 mercede
642 2403 900 2487 quidem
964 2404 1353 2482 conducunt,
1405 2404 1519 2467 sed
1554 2406 1749 2468 vilem
1791 2415 2039 2470 tantum
2079 2408 2359 2471 reddunt

281 2510 670 2574 mercedem.
781 2512 993 2575 Τελεῖν
1046 2530 1206 2575 vero
1266 2510 1505 2575 dicitur
1558 2511 1641 2575 de
1699 2512 1997 2576 solvenda
2058 2516 2355 2598 pecunia,

280 2639 477 2699 quam
539 2625 605 2680 et
664 2619 906 2681 civitati
955 2627 1021 2681 et
1058 2617 1315 2703 singulis
1360 2618 1687 2694 debemus,
1717 2619 1946 2703 'itaque
1993 2620 2120 2683 hoc
2163 2643 2358 2684 voca-

277 2723 436 2784 bulo
495 2744 666 2803 usus,
729 2723 1117 2807 paucissimis
1174 2733 1423 2787 tantum
1466 2725 1691 2789 litteris
1734 2728 1989 2795 mutatis
2032 2735 2097 2791 e‘t
2142 2731 2355 2793 sensui
2425 2717 2433 2724 ⁶

277 2838 345 2891 et
384 2838 594 2891 metro
635 2830 998 2894 satisfacere
1039 2831 1302 2893 omnino
1346 2832 1672 2918 arbitror.-
2427 2823 2432 2828 ,

437 2935 679 2999 Versus
724 2936 978 3021 quintus
1017 2933 1144 2997 hoc
1189 2936 1382 2999 modo
1419 2936 1696 3022 legitur:

505 3035 773 3120 εΙμαιίἰιιι
808 3039 878 3104 δὲ
917 3065 1031 3121 μοι
1070 3037 1172 3104 δύ’
1206 3040 1398 3105 §uror
1428 3042 1733 3126 χαρίεντε·
1778 3041 2027 3109 τούτοιν

518 3143 1012 3228 μεταλαμβάνων
1049 3171 1113 3211 κ.
1152 3170 1210 3211 τ.
1253 3151 1316 3209 λ.

271 3252 623 3330 Lacunam,
668 3274 833 3337 quae
867 3254 1077 3316 statim
1119 3253 1199 3315 ab
1244 3253 1427 3316 initio
1469 3245 1685 3318 versus
1726 3258 1882 3320 sexti
1923 3257 1989 3320 in
2022 3259 2348 3322 codicibus

271 3359 673 3437 observatur,
730 3360 993 3421 Grotius
1038 3358 1310 3444 explevit
1350 3357 1565 3422 addita
1604 3361 1919 3442 particula
1957 3354 2094 3429 οὖν.
2179 3367 2350 3430 Her-

267 3484 538 3526 mannus
609 3461 680 3528 ἓν
733 3483 978 3547 ponens
1027 3473 1098 3527 et
1156 3473 1472 3526 commate
1528 3465 1988 3552 interpungens
2044 3481 2189 3553 post
2248 3466 2352 3544 ἀεὶ

267 3571 651 3636 sententiam
706 3580 910 3634 totam
960 3570 1368 3654 perturbasse
1408 3567 1682 3633 videtur.
1763 3571 1917 3638 Sine
1962 3575 2159 3664 ‘dubio
2204 3577 2341 3660 ipse

266 3677 456 3739 huius
528 3676 893 3740 mutationis
978 3674 1409 3741 infirmitatem
1474 3675 1796 3761 perspexit
1856 3689 1922 3743 et
1978 3665 2194 3746 versus
2250 3684 2346 3745 sic

265 3782 557 3866 scripsit:

418 3883 680 3966 Ἰματίω
726 3867 801 3951 ‹5ss
832 3910 945 3968 μοι
984 3883 1082 3951 δύ’
1124 3885 1312 3959 ἔοι-ὂν
1342 3884 1627 3970 χαρίεντε
1664 3884 1892 3965 τούτω,

427 3984 529 4056 οἷν
569 3987 1061 4075 μεταλαῐιβάνων
1099 3987 1201 4060 cies*
1235 3989 1518 4079 θάτερον,
1561 3990 1868 4076 ἐξελαίηςω

424 4099 511 4178 εἰς
562 4122 625 4168 κ.
665 4123 721 4169 r.
762 4104 827 4168 λ.

1786 4193 1841 4263 8
1919 4231 1926 4238 .
