3119 5087
1566 436 1667 458 .-..
1762 412 1856 482 38
1932 435 2052 512 1....

786 597 1217 684 interpunctio
1257 617 1679 681 versuumque
1709 594 2067 658 distributio
2096 592 2542 678 proficiscitur,
2569 591 2844 675 benigne

782 730 1037 771 mecum
1093 704 1583 767 communicavit
1642 702 1738 767 Cl.
1792 701 2190 780 Welckerus,
2249 696 2635 786 praeceptor
2689 700 2846 761 mihi

787 790 1027 887 summe
1079 810 1402 876 colendus.
1436 877 1445 899 ι
1495 809 1753 872 Priores
1795 829 2008 870 versus
2050 807 2225 869 haud
2267 805 2457 868 dubie
2501 808 2588 867 sic
2632 805 2847 890 dispo-

784 919 979 981 nendi
1020 928 1198 1000 sunt:

938 1064 1118 1134 ’An’
1159 1068 1626 1152 ἐπαναστρέψαι
1664 1063 1977 1150 βούλομαι
2024 1065 2109 1142 εἷς
2146 1066 2258 1130 τᾶν
2303 1064 2492 1148 λόγον

946 1171 1292 1262 Πρὸτερον·
1335 1169 1457 1240 Ἐκ
1479 1182 1648 1238 εῖνο
1671 1197 1703 1249 ς
1741 1175 1896 1260 πρό
1919 1197 1951 1249 ς
2009 1167 2304 1256 ἑτέραν
2355 1164 2679 1254 ᾦυναῖιθ
2728 1173 2839 1247 (sc,

1986 1280 2101 1361 τὴν
2146 1273 2407 1361 Μέθην)
2448 1273 2489 1339 ἔ
2486 1301 2534 1358 χ
2551 1300 2601 1338 ω
2620 1299 2657 1338 ν

944 1390 1032 1453 τᾶ
1057 1412 1091 1452 ν
1129 1387 1344 1468 νοῦν,
1386 1378 1550 1454 ieax’
1591 1378 1762 1452 εἷπε
1801 1386 1947 1472 πρὸ
1975 1409 2006 1461 ς
2046 1379 2336 1470 ἑτέραν
2390 1388 2496 1463 (sc.
2538 1383 2652 1465 τῆν
2686 1380 2840 1446 Κω-

1988 1489 2253 1578 μῳὸῗαν)
2297 1493 2397 1526 *⁴⁶*

776 1643 992 1730 Λόγος
1032 1648 1310 1730 pertinet
1351 1646 1433 1710 ad
1475 1647 1940 1709 accusationem
1977 1644 2205 1731 (δίκην)
2247 1645 2325 1706 ab
2367 1665 2559 1706 uxore
2604 1651 2836 1727 poetae
2941 1642 2948 1649 ’

778 1753 1041 1829 illatam,
1101 1730 1203 1814 ad·
1244 1774 1434 1838 quam
1490 1753 1844 1815 accuratius
1899 1749 2419 1835 perpendendam
2460 1759 2526 1811 et
2576 1750 2835 1811 omnino

778 1857 1180 1929 refutandam
1218 1861 1395 1922 finita
1420 1859 1803 1923 defensione
1849 1858 2016 1921 redit
2058 1857 2367 1918 Cratinus,
2467 1856 2837 1918 Accusatio-

779 1962 874 2025 nis
939 1964 1211 2039 formula
1268 1964 1491 2050 incipit
1548 1986 1735 2029 versu
1794 1964 2105 2027 secundo&
2146 1957 2414 2038 Ἐκεῖνος
2474 1972 2630 2047 cet73
2690 1973 2837 2046 post

776 2072 941 2153 πρᾶς
1000 2068 1220 2155 ἑτέραν
1274 2071 1375 2134 vel
1420 2071 1576 2133 alius
1621 2071 1793 2134 locus
1836 2072 2058 2155 incipit
2095 2072 2194 2133 vel
2237 2079 2507 2154 propter
2545 2069 2836 2132 Scholia-

775 2185 911 2238 stae
974 2178 1420 2262 negligentiam
1475 2178 1542 2239 in
1601 2179 1746 2243 loco
1800 2178 2219 2241 describendo
2265 2179 2491 2241 lacuna
2534 2187 2676 2239 orta
2719 2188 2833 2257 est,

777 2303 941 2366 quae
984 2304 1054 2344 ex
1094 2293 1300 2345 metro
1349 2273 1745 2347 claudicante
1776 2278 1985 2346 statim
2017 2284 2389 2368 percipitur.
2473 2267 2702 2346 Sensus
2727 2284 2834 2346 hic

777 2396 903 2450 estz
965 2387 1076 2449 Ille
1144 2390 1423 2451 animum
1465 2389 1740 2452 intendit
1783 2390 1863 2450 ad
1903 2390 2089 2450 aliam
2133 2411 2392 2452 uxorem
2435 2401 2501 2452 et
2547 2392 2613 2452 in
2654 2392 2834 2475 prio-

775 2516 918 2559 rem
978 2494 1315 2559 'maledicta
1379 2503 1666 2570 ekercet3
1727 2460 2061 2582 praeterea
2105 2506 2310 2560 aetate
2354 2507 2449 2561 est
2490 2499 2833 2561 admodum

772 2611 1114 2686 provectus
1158 2613 1224 2665 et
1265 2603 1400 2681 tali,
1432 2604 1696 2688 »qualem
1738 2625 1804 2665 se
1847 2614 2033 2665 antea
2075 2604 2359 2688 gerebat,
2400 2627 2631 2688 parum
2658 2606 2832 2667 simi-
2890 2589 2894 2598 ⁵

771 2707 868 2770 lis.
948 2709 1240 2794 Abrupta
1283 2720 1378 2772 est
1425 2711 1631 2772 oratio
1674 2709 1737 2771 in
1778 2710 1901 2770 fine
1946 2709 2219 2794 ideoque
2262 2710 2574 2795 quaedam
2614 2723 2830 2775 mente

771 2817 1126 2901 supplenda
1165 2826 1329 2879 sunt.
1429 2816 1722 2876 Cratinus
1764 2815 2029 2877 crimine
2065 2814 2241 2878 haud
2286 2815 2474 2878 dubie
2519 2817 2832 2881 liheratur

773 2933 842 2986 et
899 2922 1025 2996 hoc
1083 2931 1610 3007 temperamento,
1665 2931 1739 2983 ut
1786 2920 2059 3000 videtur,
2120 2922 2291 2986 inter
2347 2923 2525 2984 illurn
2568 2947 2831 2989 comoe-

770 3030 1043 3114 diaeque
1098 3032 1342 3092 Musam
1396 3029 1740 3092 concordia
1769 3027 2123 3098 'revocatur
2168 3037 2233 3090 et
2274 3030 2648 3091 restituitur.
2731 3032 2831 3093 Ad

772 3137 1118 3200 divortium
1170 3136 1397 3221 ipsum,
1462 3111 1644 3221 qudd.x
1693 3137 1847 3199 fecit
1909 3158 2055 3198 cum
2109 3136 2477 3214 Comoedia,
2537 3148 2830 3223 spectant

768 3243 931 3306 haec
976 3243 1207 3304 verbaz

1013 3348 1183 3430 Γυνὴ
1225 3348 1287 3412 δ’
1326 3346 1565 3412 ἐκείνου
1606 3344 1909 3434 πρότερον
1950 3338 2045 3432 ἦν,
2089 3349 2201 3412 νῦν
2242 3349 2302 3413 δ’
2360 3342 2589 3413 οὐκέτι.

765 3454 978 3517 Schol.
1041 3454 1123 3515 ad
1182 3456 1366 3520 Hom.
1426 3455 1492 3517 Il.
1557 3479 1605 3519 ε.
1664 3480 1721 3518 v.
1767 3462 1903 3521 533.
1949 3455 2052 3520 ed.
2091 3456 2421 3517 Villoison.
2478 3457 2830 3548 Pegperam

765 3563 894 3646 legi
949 3564 1119 3647 παρὰ
1172 3558 1463 3645 ,Κράτητι
1517 3562 1588 3626 ἓν
1643 3559 1912 3648 Πυτίνῃ.
1949 3562 2319 3646 intelligitur
2366 3585 2440 3624 ex·
2477 3562 2831 3624 Scholiasta
2895 3633 2902 3654 ι

769 3669 851 3732 ad
896 3660 1159 3731 Hoineri
1227 3669 1450 3754 Odyss.
1491 3670 1555 3731 θ.
1604 3672 1738 3732 ι86.
1783 3668 1882 3730 ed.
1927 3670 2186 3746 Buttm„
2237 3668 2346 3753 qui
2394 3668 2618 3730 eadem
2661 3667 2832 3730 exhi-

763 3776 880 3839 bet
927 3785 992 3838 et
1047 3776 1248 3838 nostri
1294 3786 1526 3859 poetae
1583 3796 1817 3856 nomen
1870 3775 2189 3842 adscribit.
2286 3776 2357 3837 In
2401 3774 2603 3858 priori
2642 3783 2829 3857 parte

764 3882 1019 3944 fabulae
1057 3882 1312 3944 videtur
1356 3882 1648 3944 Cratinus
1693 3904 1870 3943 suam
1910 3880 2173 3942 bibendi
2212 3881 2578 3943 facultatem
2616 3881 2829 3965 palam

766 3988 1161 4067 ostendisses
1176 3990 1479 4075 propinat
1523 3987 1655 4052 aliis
1700 3990 1803 4069 (cf.
1841 3987 2068 4060 Athen,
2111 3991 2193 4050 X.
2225 4012 2290 4074 p.
2315 3993 2454 4071 426.
2496 3989 2592 4067 B.)
2636 3999 2828 4072 atque

750 4096 920 4163 alios
976 4118 1208 4178 mores,
1271 4097 1496 4185 quibus
1549 4095 2232 4204 inscompotationibus
2273 4095 2681 4162 Athenienses
2731 4095 2831 4160 uti
