3119 5087
1510 380 1996 468 ...ἰνδ-

788 608 797 621 “
879 581 1100 645 Bellen
1142 577 1253 642 sed
1298 577 1427 642 dici
1470 580 1666 645 debet
1710 583 2072 649 foedissima
2118 584 2383 651 flammis

932 728 935 731 ι
1039 686 1281 772 Cocyti
1306 687 1575 767 urenda,
1616 688 1747 751 beu
1788 691 2132 777 concipere
2178 694 2296 757 ista
2336 694 2561 780 pudet!

870 793 1069 857 Addit
1125 805 1465 878 praeterea
1523 797 1828 877 fabulam,
1893 797 1972 860 de
2031 822 2178 885 qua,
2221 803 2271 862 si
2312 803 2544 887 placet,
2583 805 2796 890 ipsum

713 901 947 978 videas,
1009 902 1421 964 temulentiae
1479 910 1544 965 et
1602 903 1984 968 deterrimae
2043 908 2384 988 libidinis,
2359 934 2577 996 qnam
2622 915 2804 977 unde

712 1007 1020 1084 hauserit,
1060 1007 1233 1075 scire
1271 1008 1731 1091 optatissimum
1769 1011 1928 1073 mihi
1976 1024 2170 1087 esset;
2231 1017 2519 1102 suspicor
2556 1028 2797 1099 tamen,

711 1114 958 1177 fontem
1043 1124 1175 1176 esse
1238 1113 1303 1175 in
1369 1112 1567 1175 Suida
1630 1117 2089 1201 quaerendum,
2140 1121 2253 1183 ubi
2313 1127 2394 1202 (v
2454 1127 2802 1209 Κρατῖνος)

711 1229 909 1306 poeta
964 1230 1186 1297 nostes·
1243 1220 1576 1284 Παιδικῶν
1638 1217 1982 1304 ἡττημένος
2023 1226 2279 1308 dicitnr,
2343 1231 2584 1294 nnllam
2623 1233 2799 1297 haud

726 1324 927 1389 dubie
964 1327 1163 1389 aliam
1200 1328 1292 1390 ob
1332 1348 1612 1407 causam,
1650 1351 1842 1413 quam
1883 1331 2059 1415 quod
2089 1332 2324 1396 harum
2356 1356 2576 1400 rerum
2609 1360 2804 1424 saepe
2909 1373 2914 1379 ·

717 1433 1115 1497 mentionem
1189 1433 1346 1497 facit
1418 1432 1708 1520 ideoque
1761 1435 1829 1498 in
1886 1435 1982 1498 his
2036 1439 2155 1501 sihi
2210 1440 2468 1527 placere
2512 1446 2802 1524 posteris

715 1540 879 1601 visus
924 1549 1036 1603 est.
2127 1574 2136 1577 ·

1682 1785 1828 1871 VI.

723 1961 1105 2050 Secundum
1146 1990 1414 2073 vitium,
1489 2017 1618 2081 qno
1658 1995 2110 2080 Aristophanes
2158 1993 2490 2055 Cratinum
2533 2001 2805 2069 accusat,
2869 1996 2878 2007 '

722 2108 1014 2165 versatur
1070 2102 1136 2164 in
1192 2105 1525 2170 obscoenis
1591 2109 1892 2186 dicteriis,
1940 2109 2165 2192 quihus
2212 2112 2358 2169 usus
2401 2129 2531 2169 esse
2576 2107 2811 2169 dicitur
2848 2167 2862 2179 ,

727 2208 809 2271 in.
841 2209 1216 2273 comoediis,
1300 2213 1476 2276 Haec
1525 2215 1845 2277 accusatio
1887 2215 1983 2276 his
2029 2214 2288 2277 omnino
2331 2213 2601 2292 tollitur,
2644 2235 2809 2297 quae

728 2315 928 2376 modo
971 2317 1238 2380 uherius
1288 2319 1764 2404 disputavimus·
1847 2322 2109 2383 Exstant
2148 2342 2297 2382 sane
2339 2334 2511 2382 nunc
2555 2341 2811 2404 quoque

723 2428 791 2490 in
873 2427 1241 2513 fragmentis
1321 2428 1523 2489 multa
1600 2428 1916 2489 obscoeni*
1982 2427 2287 2488 sermonis
2362 2427 2645 2513 exempla
2702 2424 2812 2489 sed

724 2559 1071 2621 quemnam
1131 2534 1317 2619 fugit,
1376 2533 1494 2597 has
1543 2534 1823 2595 maculas
1865 2526 2113 2618 Priscae
2159 2533 2534 2599 comoediae
2583 2532 2733 2596 inde
2777 2555 2814 2594 a

724 2644 935 2727 prima
979 2643 1110 2703 eius
1160 2642 1406 2726 origine
1448 2640 1850 2704 adhaesisse?
1892 2635 2142 2703 Idcirco
2192 2643 2523 2704 Cratinum
2567 2662 2644 2704 eo
2679 2662 2816 2701 ma-

727 2751 865 2810 iore
930 2771 1078 2811 cum
1131 2749 1270 2809 iure
1331 2741 1704 2811 defendere
1738 2747 1909 2827 licet,
2003 2769 2151 2809 cum
2207 2749 2286 2810 ad
2362 2749 2588 2811 limites
2649 2747 2815 2808 illius

735 2856 961 2941 templi
1004 2856 1299 2932 stetisset,
1349 2855 1525 2937 quod
1555 2857 1774 2916 Musae
1799 2851 2205 2940 Aristophani
2232 2855 2602 2933 condidere,
2633 2851 2817 2917 ideo-

728 2986 857 3048 que
927 2985 1003 3038 eo
1077 2964 1344 3047 propius
1412 2962 1753 3025 accederet
1809 2963 1891 3025 ad
1963 2963 2319 3026 inconditos
2383 2963 2521 3024 illos
2597 2972 2817 3023 cantus

728 3091 880 3131 ¹cum
926 3071 1138 3131 effusa
1166 3069 1406 3131 laetitia
1445 3069 1776 3133 obscoenis
1813 3070 2090 3135 dicteriis
2120 3071 2403 3155 iocisque
2440 3070 2814 3162 scurrilibus

735 3175 1094 3258 exagitatos.
1180 3178 1405 3239 Nonne
1453 3188 1548 3239 sat
1593 3177 1833 3262 gloriae
1876 3169 1995 3240 sibi
2040 3178 2480 3255 accumulavit,
2543 3169 2823 3237 eumad

632 3283 642 3297 ’
735 3281 972 3345 iustum
1043 3281 1192 3343 artis
1259 3305 1453 3367 genus
1515 3283 1838 3370 redigeret
1905 3279 2349 3348 comoediam?
2403 3286 2627 3347 Nonne
2689 3284 2822 3366 ipse

734 3386 1219 3475 AristophaneS,
1298 3390 1365 3450 in
1446 3414 1574 3476 quo
1646 3414 1961 3453 summum
2017 3416 2097 3477 pl
2100 3391 2441 3455 aestantiae
2507 3383 2825 3474 fastigium

733 3495 1014 3580 priscam
1056 3496 1458 3558 comoediam
1493 3509 1848 3560 assecutam
1884 3521 2016 3560 esse
2053 3497 2452 3560 contendunt
2476 3497 2598 3558 viri
2627 3495 2824 3572 docti,

737 3602 894 3664 iocis
957 3602 1248 3681 mimiciS,
1313 3604 1542 3688 quihus
1608 3615 1858 3667 tantum
1902 3605 2081 3689 plebs
2122 3603 2418 3665 vilissima
2463 3601 2829 3664 delectaba-

746 3719 877 3787 tur,
944 3710 1188 3772 fabulas
1247 3733 1388 3772 suas
1451 3713 1817 3775 exornavit?
1869 3711 2097 3775 Athen.
2162 3712 2269 3774 ΙΙΙ.
2325 3732 2390 3795 p.
2453 3727 2595 3788 1222
2635 3708 2705 3768 B.
2753 3708 2826 3769 C.

741 3818 955 3900 Ipsum
1014 3817 1394 3903 Aeschylum
1453 3820 1789 3883 sublimem
1834 3828 1899 3881 et
1955 3816 2258 3902 grandem
2299 3826 2581 3901 poetam,
2624 3816 2831 3899 ipsum

744 3922 1135 4006 Sophoclem
1179 3925 1626 4011 incorruptum
1669 3926 1736 3987 in
1775 3925 2073 3987 dramatis
2104 3924 2384 4009 satyricis
2415 3923 2636 4000 multa,
2668 3944 2833 4005 quae

744 4031 927 4092 nohis
983 4033 1306 4112 vindecora
1365 4033 1759 4112 viderentur,
1826 4032 1893 4093 in
1959 4052 2212 4093 scenam
2268 4027 2629 4113 protulisse,
2675 4027 2834 4088 mihi

735 4137 1006 4224 'quidem
1038 4141 1592 4225 persuasissimum
1627 4159 1740 4216 est.
1799 4149 2087 4214 Sufficiat
2123 4136 2306 4203 nohis
2333 4157 2454 4220 pro
2493 4142 2834 4218 poetarum
