3119 5087
880 406 919 477 ι
1064 332 1694 496 -61--ν

262 587 485 664 patum
555 577 931 661 popularem
1003 580 1289 640 continet
1352 589 1416 641 et
1475 576 1939 662 quotidianum,
2012 575 2329 663 integrum

263 709 417 749 vero
462 697 531 749 et
571 706 802 768 purum
838 682 1168 745 hominum
1210 704 1608 756 sermonem;‚
1646 694 1869 745 contra
1903 686 1967 745 in
2001 686 2350 768 tragoedia-

262 797 481 878 gravis.
532 804 597 855 et
652 795 983 878 magnifica
1035 782 1228 857 dictio
1283 796 1623 857 adhibetur
1679 797 1920 856 tumida
1968 806 2031 856 et
2074 797 2333 879 grandi-

262 901 456 984 loqna
501 901 817 984 (τραγικός
859 900 1051 985 λῆρος
1089 902 1406 986 Aristoph.
1451 904 1608 963 Ran.
1658 907 1883 984 1037.).
1984 904 2188 966 Huius
2232 904 2331 964 rei

264 1008 549 1091 exempla
606 1009 945 1070 sexcenties
999 1009 1298 1092 leguntur
1336 1002 2037 1092 apud‘Aristophanem
2077 1009 2332 1091 praeci-

259 1137 389 1199 pue
448 1117 516 1175 in
575 1117 765 1176 Ranis
822 1127 887 1177 et
941 1116 1192 1179 Avibus.
1292 1119 1530 1177 Drama
1586 1119 1929 1201 satyricum
1971 1102 2333 1176 fabularum

263 1232 642 1304 argumenta
698 1221 914 1282 haurit
970 1223 1149 1283 sicuti
1212 1222 1540 1306 tragoedia
1581 1245 1618 1283 e
1661 1223 2046 1306 mythologia
2079 1233 2154 1283 ⁴et
2194 1232 2331 1282 tra-

208 1402 215 1407 ⁸
261 1329 443 1411 gicae
488 1328 693 1411 poesis
735 1350 1093 1391 sermonem
1135 1331 1223 1391 ita
1263 1341 1491 1408 servat,
1537 1340 1838 1414 ut'saepe
1888 1329 2332 1392 difficillimum

257 1438 344 1497 sit
384 1436 736 1497 diiudicare
789 1435 1059 1518 singulos
1101 1438 1604 1520 fragmentorum
1644 1458 1881 1514 versuS,
1925 1447 2143 1498 utrum
2176 1457 2329 1519 per-
2407 1500 2413 1506 ,

257 1542 510 1603 tine-ant
551 1539 632 1601 ad
679 1542 1071 1623 tragoediam
1114 1565 1194 1602 an
1239 1542 1319 1603 ad
1348 1542 1568 1604 drama
1609 1544 1968 1626 satyricum.
2052 1542 2330 1604 Parodia

258 1666 418 1709 vero
460 1647 528 1707 in
573 1668 651 1708 eo
692 1649 955 1708 maxime
997 1649 1303 1726 consistit,
1345 1648 1520 1733 quod
1566 1649 1757 1734 satyri
1798 1650 2107 1732 protervi,
2141 1650 2330 1736 ¹fero·-

257 1774 392 1829 ceS,
435 1752 752 1815 deformes
797 1764 862 1815 et
903 1776 1208 1838 procaces
1250 1749 1617 1839 (ὕβρισται),
1666 1755 2033 1839 tragoediae
2080 1754 2330 1816 alienis·-

256 1860 424 1937 simi,
452 1859 721 1921 chorum
746 1870 998 1942 agentes
1039 1862 1509 1924 inducebantur
1547 1863 1998 1945 veteribusque
2037 1861 2140 1923 vel
2170 1861 2327 1922 deo-
2355 1900 2360 1905 -

258 1966 553 2028 ranivel
592 1966 863 2027 heroum
902 1967 1129 2028 fabulis
1173 1968 1374 2030 multa
1418 1968 1689 2059 ridicula
1735 1969 2114 2046 immiscere,
2161 1942 2410 2053 seria*

253 2071 519 2133 ludicris
566 2073 954 2157 coniungere
997 2074 1366 2146 studebant3
1416 2084 1606 2158 atque
1645 2085 1875 2158 poetae
1900 2074 2026 2136 hoc
2062 2076 2329 2135 maxime

257 2180 655 2262 spectabant,
709 2189 782 2241 ut
831 2172 1141 2265 tragicam
1191 2180 1640 2241 sublimitatem
1700 2202 1831 2242 non
1877 2181 2081 2242 solum
2121 2180 2187 2240 in
2232 2180 2331 2241 di·-
2403 2168 2406 2170 ’

258 2286 475 2349 ctione
503 2296 848 2364 servarent,
885 2288 1039 2370 quin
1081 2285 1146 2347 in
1188 2286 1296 2347 illa
1334 2285 1621 2369 augenda
1661 2295 1734 2347 et
1754 2286 2110 2370 superanda
2146 2285 2331 2348 ideo-

257 2416 387 2478 que
430 2392 703 2454 ridicula
746 2392 1456 2459 reddendacertarent.
1501 2394 1596 2453 cf.
1638 2391 1943 2454 Naekium
1986 2393 2066 2454 ad
2111 2392 2325 2456 Choe-

256 2501 459 2563 rilum
515 2522 579 2585 p.
631 2503 766 2583 189.
867 2498 1099 2561 Similis
1158 2500 1511 2585 argumenti
1555 2498 1810 2563 videtur
1851 2500 2041 2563 fuisse
2082 2498 2319 2563 Busiris

259 2609 528 2686 Cratini,
596 2608 663 2667 in
724 2627 847 2690 qua
908 2606 1125 2669 fabula
1179 2607 1352 2668 haud
1408 2608 1598 2669 dubie
1657 2608 1999 2670 Herculem
2037 2608 2331 2669 tuburci-

254 2725 520 2777 nantcm
580 2715 878 2799 depinxit,
943 2713 1051 2798 qui
1107 2719 1264 2799 prae
1306 2715 1575 2778 vorandi
1621 2714 1969 2803 cupiditate
2014 2715 2325 2792 faucibus,

253 2821 614 2899 maximilla,
653 2821 945 2883 dentibus
978 2822 1271 2882 omnibus
1315 2832 1384 2889 et
1425 2843 1577 2882 naso
1626 2843 1880 2905 quoque
1920 2842 2144 2888 sonum
2171 2813 2327 2883 edit.

253 2930 330 2988 In
386 2926 668 3012 satyricis
722 2926 1020 2989 dramatis
1079 2928 1314 2990 multae
1358 2928 1543 2990 huius
1585 2929 1754 2992 tituli
1800 2930 2053 2990 fabulae
2095 2950 2327 2990 recen-

253 3044 513 3105 sentum
561 3034 729 3095 inter
765 3035 1040 3095 comicos
1082 3045 1302 3118 poetas
1343 3046 1605 3118 praeter
1630 3035 1960 3097 Cratinum
1991 3036 2332 3118 scripserat

246 3143 505 3203 Busirin
544 3141 930 3224 Antiphanes
976 3142 1157 3219 (Poll.
1202 3143 1284 3202 X.
1329 3147 1476 3220 65),
1516 3143 1933 3227 Epicharmus
1993 3141 2174 3220 (Poll.
2213 3140 2323 3200 IX.

246 3253 376 3329 45.)
423 3248 551 3308 alii.
635 3248 925 3309 Cratinus
972 3247 1354 3331 singularem
1394 3249 1794 3311 comoediam
1836 3231 2157 3331 inscripsit
2199 3243 2328 3307 Σά.

247 3355 454 3437 svam)
503 3375 772 3437 eamque
816 3341 1039 3416 docuit
1073 3354 1398 3417 Archonte
1430 3355 1746 3422 Stratocle
1781 3355 1884 3415 Ol.
1914 3354 2324 3416 LXXXVIII.

245 3483 313 3544 4.
370 3462 439 3522 in
496 3462 760 3524 Lenaeis
819 3464 931 3540 (cf.
994 3484 1234 3546 argum.
1296 3461 1377 3523 ad
1416 3460 1736 3546 Aristoph.
1779 3460 2102 3544 Equites);
2150 3456 2329 3541 quod

245 3580 469 3631 tamen
520 3578 960 3652 argumentum
1001 3568 1325 3652 quomodo
1367 3590 1480 3629 suo
1526 3561 1790 3629 consilio
1837 3565 2175 3649 adaptarit,
2227 3562 2328 3622 di·-

248 3676 538 3739 iudicare
598 3674 856 3735 omnino
917 3696 1049 3735 non
1089 3695 1440 3758 possumuS,
1486 3694 1634 3735 cum
1675 3674 1832 3735 nihil
1871 3682 2129 3756 praeter
2169 3670 2326 3729 titu-

247 3778 385 3844 lum
443 3782 527 3843 ad
583 3791 799 3841 nostra
855 3801 1052 3865 usque
1105 3791 1399 3863 tempora
1455 3779 1844 3863 pervenerit.
1946 3775 2323 3838 Accuratius
2377 3812 2386 3828 x

242 3888 601 3974 poterimus
640 3886 962 3970 disputare
1005 3885 1085 3948 de
1129 3885 1375 3946 Cratini
1418 3885 1745 3969 Ulyssibus
1792 3894 1858 3947 et
1899 3881 2225 3966 Seriphiis.

410 3995 757 4058 Perierunt
792 3988 1104 4067 Ὀδυσσεῖς
1147 3992 1547 4075 Theopompi
1592 3991 1829 4071 (Sel-iol.
1875 3990 1956 4050 ad
2006 3984 2323 4069 Aristoph-

244 4103 439 4186 Vesp.
490 4108 666 4183 1337·
711 4100 939 4165 Athen.
980 4085 1101 4165 1·V.'
1138 4103 1272 4164 1⁸65.
1318 4098 1389 4159 Β.
1433 4097 1596 4160 Pon.
1634 4097 1770 4161 VII.
1807 4113 1959 4180 74),
1985 4086 2329 4255 Ξξδυσσξῦς
