3119 5087
1109 403 1591 477 ...m-...-

311 589 546 670 pulsus,
604 606 725 669 pro
776 584 1019 650 reditus
1069 586 1258 671 ipsius
1317 589 1527 672 pretio
1575 585 1850 652 coeundi
1892 608 2040 651 cnm
2078 586 2367 673 Elpinice

310 693 627 775 accepisse
684 700 1082 775 potestatem,
1141 694 1317 757 cuius
1377 695 1469 759 rei
1530 695 1919 759 mentionem
1958 692 2136 757 haud
2177 694 2369 783 dubie

303 799 460 859 facit
499 800 759 883 Eupolis
804 799 898 861 his
941 801 1182 869 verbis:

469 932 658 1003 κακὸς
694 927 812 1008 μὲν
851 921 965 992 οὔκ
1012 920 1088 1010 ἦν
1128 927 1238 1014 (sc.
1278 923 1315 993 ὃ
1352 927 1603 1014 Κιζιιων)
1634 925 1977 1015 φιλοπότης
1999 926 2067 995 δὲ
2093 924 2368 1020 κᾷμελῆς

468 1028 704 1120 κᾷνίοτ’
743 1028 1102 1117 ἇπεκορμᾶτ’
1142 1030 1222 1101 ἂν
1263 1037 1331 1100 ἐν
1373 1030 1797 1117 Λακεδαιζιιονι
1975 1058 1980 1065 ·

470 1133 588 1229 ὅτζίν
621 1134 977 1224 Ἐλπὶνίκην
1014 1138 1193 1225 τήνδε
1233 1145 1597 1207 natantum
1635 1139 1854 1224 μόνην.

301 1268 501 1371 Plura
539 1270 682 1333 vide
727 1268 896 1355 apud
934 1268 1348 1336 Plutarchum
1392 1274 1455 1334 in
1498 1272 1748 1336 Pericle
1795 1295 1850 1334 c.
1899 1294 1992 1336 ιο.

469 1377 648 1437 Talia
704 1374 1066 1461 principum
1124 1380 1364 1441 scelera
1420 1379 1777 1463 turpissima
1846 1377 2073 1440 comici
2135 1388 2363 1461 poetae

302 1482 1038 1568 partim'excogitarunt‚
1079 1485 1312 1569 partim
1355 1495 1659 1547 auxerunt
1703 1496 1766 1547 et
1806 1487 1873 1546 in
1916 1507 2104 1547 scena
2145 1507 2366 1546 coram

301 1588 546 1672 populo
595 1592 1001 1673 exagitarunt.
1084 1593 1431 1670 Sufficiant,
1480 1615 1641 1676 quae
1673 1592 2011 1671 attulimus,
2049 1591 2128 1653 ad
2162 1592 2364 1674 ipsam¹

301 1718 445 1758 rem
489 1695 960 1777 declarandam,
1003 1699 1185 1781 plura
1215 1695 1383 1760 enim
1410 1699 1593 1759 huius
1621 1699 1975 1782 argumenti
2010 1700 2364 1781 fragmenta

304 1826 437 1865 non
493 1805 792 1866 videntur
847 1815 1091 1866 servata
1148 1824 1298 1867 esse.
1412 1808 1798 1888 Magnopere
1866 1804 2210 1866 dolendum
2270 1812 2364 1865 est

303 1909 637 1994 deperdita
697 1931 828 1971 esse
886 1910 1189 1972 Herodici
1251 1910 1514 1971 Cratetii
1579 1908 1771 1971 libros
1835 1906 2363 1997 κωμῳδουμένων,

302 2038 582 2101 quorum
638 2028 837 2080 sextus
898 2018 1192 2080 laudatur
1256 2020 1334 2080 ab
1391 2019 1718 2081 Athenaeo
1777 2020 1947 2080 XIII.
1993 2023 2131 2083 581.
2171 2020 2241 2080 A.
2289 2024 2357 2080 et
2464 2014 2478 2038 ⁸

304 2129 449 2208 591.
510 2126 603 2203 C.,
649 2125 1161 2209 quandoquidem
1220 2125 1367 2186 inde
1432 2125 1511 2186 de
1571 2125 1665 2203 iis,
1707 2127 1812 2210 qui
1856 2148 1893 2187 a
1936 2124 2191 2186 comicis
2234 2133 2366 2185 tra-

305 2232 481 2294 ducti
508 2241 672 2309 sunt,
704 2233 1053 2293 accuratius
1081 2231 1253 2292 haud
1276 2231 1471 2292 dubie
1496 2231 2001 2315 perspiceremus
2030 2231 2366 2293 rationem.

472 2340 602 2400 Iam
657 2338 957 2414 breviter,
1017 2348 1322 2425 quantum
1380 2334 1520 2398 fieri
1580 2346 1789 2420 potest
1849 2356 1920 2397 ex
1975 2336 2361 2419 fragmentis,

300 2445 758 2531 perlustremus
802 2442 1059 2519 nomina
1102 2465 1346 2523 eorum,
1405 2466 1559 2528 quos
1606 2442 1895 2505 Cratinus
1941 2463 2172 2527 passlm
2212 2436 2363 2525 pes·-

302 2551 622 2615 strinxerit
664 2551 761 2612 vel
804 2551 930 2611 sale
973 2573 1085 2610 suo
1137 2543 1471 2613 notaverit.
1625 2534 1630 2550 Ι

465 2660 559 2720 Ex
612 2659 892 2720 versibus
952 2656 1194 2720 Cratini
1240 2660 1314 2718 in
1364 2657 1683 2719 Periclem
1737 2656 2005 2740 scriptis»,
2073 2657 2183 2740 qui
2228 2678 2358 2717 non

302 2765 385 2827 ad
438 2765 586 2843 hoc,
647 2764 819 2850 quod
875 2765 1066 2825 modo
1111 2764 1523 2847 exposuimuS,
1569 2773 2007 2848 argumentum
2050 2773 2358 2847 spectant,
2436 2821 2450 2838 ,

296 2871 456 2933 tales
494 2882 824 2933 servantur
858 2871 1027 2956 apud
1054 2871 1378 2933 Plutarch.
1420 2874 1518 2933 De
1565 2867 1766 2954 gloria
1807 2868 2172 2934 Atheniens,
2207 2890 2263 2930 c.
2301 2872 2359 2933 8.

547 2995 789 3084 λόγοισι
827 3003 945 3086 γὰρ
989 2994 1179 3065 αὗτόν
1218 2998 1473 3087 προάγει
1514 2997 1860 3085 Περικλέης

545 3102 784 3190 ἔργοισι
825 3100 1037 3170 <reficis
1082 3116 1244 3172 κινεῖ
1275 3143 1352 3156 -

299 3244 656 3319 spectantes
704 3236 786 3297 ad
825 3261 1077 3299 murum
1123 3239 1401 3323 longum,
1438 3238 1527 3301 de
1572 3261 1698 3323 quo
1737 3236 2129 3301 aedificando
2161 3236 2360 3310 refert

300 3339 599 3402 Socrates
664 3364 728 3403 se
789 3343 1053 3406 audiisse
1118 3346 1488 3432 suadentem
1539 3346 1880 3420 Periclem,
1965 3343 2364 3404 Callicratem

299 3468 456 3508 vero
511 3469 654 3508 eum
695 3449 1056 3510 faciendum
1099 3451 1457 3536 suscepisse.
1567 3449 1822 3512 Mordet
1864 3450 2104 3513 scilicet
2153 3446 2361 3509 Crati-

299 3575 417 3613 nus
461 3552 586 3613 hoc
632 3577 809 3638 opus,
863 3557 1036 3640 quod
1077 3560 1350 3642 segniter
1391 3558 1844 3620 absolveretur.

468 3661 764 3723 Boetoios
819 3663 957 3723 illos
1023 3664 1086 3724 in
1148 3687 1355 3727 crasso
1423 3669 1570 3728 ταὶ-ΤΘ
1613 3651 1794 3725 natos
1835 3673 2023 3726 vocat
2074 3662 2368 3724 Cratinus

299 3771 748 3849 συοβοιωτικόν
788 3747 1136 3856 πεξοφόρον
1177 3769 1354 3855 γένος
1402 3765 1665 3854 ἀνδρῶν.
1746 3769 1960 3831 Schol.
2001 3769 2083 3831 ad
2104 3767 2363 3829 Pindar.

301 3875 409 3935 Ol.
453 3872 560 3935 Vl.
613 3883 743 3940 233.
789 3901 851 3959 p.
888 3882 986 3960 69.
1026 3878 1126 3943 ed.
1171 3880 1375 3939 Oxon.
1419 3878 1499 3938 cf.
1539 3875 1783 3938 Polluc.
1826 3876 1965 3939 Vll.
2005 3879 2104 3939 88.

462 3985 560 4044 De
600 3984 847 4044 Solonis
891 3985 1128 4068 legibus
1174 3985 1414 4048 Cratini
1438 3994 1730 4069 tempore
1761 3982 2059 4068 neglectis
2087 3979 2367 4045 notanda

301 4098 401 4153 est
439 4087 599 4152 haec
644 4091 986 4153 sententia:
2354 4097 2360 4104 '
