<?xml version="1.0" encoding="UTF-8"?>
<!DOCTYPE html PUBLIC "-//W3C//DTD XHTML 1.0 Transitional//EN"
    "http://www.w3.org/TR/xhtml1/DTD/xhtml1-transitional.dtd">
<html xmlns="http://www.w3.org/1999/xhtml" xml:lang="en" lang="en">
 <head>
  <title>
</title>
<meta http-equiv="Content-Type" content="text/html;charset=utf-8" />
  <meta name='ocr-system' content='tesseract 3.04.00' />
  <meta name='ocr-capabilities' content='ocr_page ocr_carea ocr_par ocr_line ocrx_word'/>
</head>
<body>
  <div class='ocr_page' id='page_1' title='image "./cratinuseteupol00rhengoog_0032.png"; bbox 0 0 3119 5087; ppageno 0'>
   <div class='ocr_carea' id='block_1_1' title="bbox 1496 418 1978 495">
    <p class='ocr_par' dir='ltr' id='par_1_1' title="bbox 1496 418 1978 495">
     <span class='ocr_line' id='line_1_1' title="bbox 1496 418 1978 495; baseline 0 -24"><span class='ocrx_word' id='word_1_1' title='bbox 1496 418 1978 495; x_wconf 37' lang='lat'>412...-</span> 
     </span>
    </p>
   </div>
   <div class='ocr_carea' id='block_1_2' title="bbox 655 607 2804 4105">
    <p class='ocr_par' dir='ltr' id='par_1_2' title="bbox 713 607 2783 905">
     <span class='ocr_line' id='line_1_2' title="bbox 713 607 2778 696; baseline 0.001 -24"><span class='ocrx_word' id='word_1_2' title='bbox 713 632 989 696; x_wconf 85' lang='lat' dir='ltr'><strong>quorum</strong></span> <span class='ocrx_word' id='word_1_3' title='bbox 1047 607 1315 691; x_wconf 77' lang='lat' dir='ltr'>imagine</span> <span class='ocrx_word' id='word_1_4' title='bbox 1384 629 1529 668; x_wconf 73' lang='lat' dir='ltr'><strong>usus</strong></span> <span class='ocrx_word' id='word_1_5' title='bbox 1588 618 1782 686; x_wconf 80' lang='lat' dir='ltr'><strong>crat,</strong></span> <span class='ocrx_word' id='word_1_6' title='bbox 1811 620 1902 670; x_wconf 83' lang='lat' dir='ltr'><strong>ut</strong></span> <span class='ocrx_word' id='word_1_7' title='bbox 1949 624 2256 671; x_wconf 82' lang='lat' dir='ltr'><strong>summam</strong></span> <span class='ocrx_word' id='word_1_8' title='bbox 2307 608 2621 674; x_wconf 78' lang='lat' dir='ltr'><strong>laudem</strong></span> <span class='ocrx_word' id='word_1_9' title='bbox 2604 618 2666 674; x_wconf 82' lang='lat' dir='ltr'><strong>1&#39;n</strong></span> <span class='ocrx_word' id='word_1_10' title='bbox 2710 635 2778 677; x_wconf 82' lang='lat' dir='ltr'><strong>se</strong></span> 
     </span>
     <span class='ocr_line' id='line_1_3' title="bbox 718 715 2783 833; baseline 0 -54"><span class='ocrx_word' id='word_1_11' title='bbox 718 719 1021 787; x_wconf 83' lang='lat' dir='ltr'><strong>referret;</strong></span> <span class='ocrx_word' id='word_1_12' title='bbox 1088 737 1409 802; x_wconf 75' lang='lat' dir='ltr'><strong>nunquam</strong></span> <span class='ocrx_word' id='word_1_13' title='bbox 1469 724 1681 780; x_wconf 84' lang='lat' dir='ltr'><strong>tamen</strong></span> <span class='ocrx_word' id='word_1_14' title='bbox 1739 717 1969 778; x_wconf 81' lang='lat' dir='ltr'><strong>exstitit</strong></span> <span class='ocrx_word' id='word_1_15' title='bbox 1999 718 2150 778; x_wconf 81' lang='lat' dir='ltr'><strong>fons</strong></span> <span class='ocrx_word' id='word_1_16' title='bbox 2193 715 2473 797; x_wconf 79' lang='lat' dir='ltr'><strong>Athenis,</strong></span> <span class='ocrx_word' id='word_1_17' title='bbox 2520 730 2783 833; x_wconf 72' lang='lat' dir='ltr'><strong>praeter</strong></span> 
     </span>
     <span class='ocr_line' id='line_1_4' title="bbox 721 816 2354 905; baseline 0.001 -21"><span class='ocrx_word' id='word_1_18' title='bbox 721 846 790 886; x_wconf 80' lang='lat' dir='ltr'><strong>os</strong></span> <span class='ocrx_word' id='word_1_19' title='bbox 837 821 1099 898; x_wconf 86' lang='lat' dir='ltr'><strong>Cratini,</strong></span> <span class='ocrx_word' id='word_1_20' title='bbox 1142 821 1248 905; x_wconf 82' lang='lat' dir='ltr'><strong>qui</strong></span> <span class='ocrx_word' id='word_1_21' title='bbox 1272 816 1804 904; x_wconf 73' lang='grc' dir='ltr'><strong><em>δωδεκάκρουνος</em></strong></span> <span class='ocrx_word' id='word_1_22' title='bbox 1823 823 2177 886; x_wconf 79' lang='lat' dir='ltr'><strong>nominatus</strong></span> <span class='ocrx_word' id='word_1_23' title='bbox 2219 824 2354 885; x_wconf 44' lang='lat' dir='ltr'><strong>sits</strong></span> 
     </span>
    </p>

    <p class='ocr_par' dir='ltr' id='par_1_3' title="bbox 655 926 2804 3444">
     <span class='ocr_line' id='line_1_5' title="bbox 832 926 2778 1014; baseline 0.002 -24.103"><span class='ocrx_word' id='word_1_24' title='bbox 832 929 978 990; x_wconf 91' lang='lat' dir='ltr'><strong>Ad</strong></span> <span class='ocrx_word' id='word_1_25' title='bbox 1039 949 1398 993; x_wconf 84' lang='lat' dir='ltr'><strong>mensuram</strong></span> <span class='ocrx_word' id='word_1_26' title='bbox 1472 926 1658 988; x_wconf 83' lang='lat' dir='ltr'><strong>huius</strong></span> <span class='ocrx_word' id='word_1_27' title='bbox 1719 929 2054 1011; x_wconf 82' lang='lat' dir='ltr'><strong>fragmenti</strong></span> <span class='ocrx_word' id='word_1_28' title='bbox 2112 929 2308 1014; x_wconf 86' lang='lat' dir='ltr'><strong>quod</strong></span> <span class='ocrx_word' id='word_1_29' title='bbox 2343 932 2588 1009; x_wconf 78' lang='lat' dir='ltr'><strong>attinet,</strong></span> <span class='ocrx_word' id='word_1_30' title='bbox 2649 955 2778 995; x_wconf 88' lang='lat' dir='ltr'><strong>non</strong></span> 
     </span>
     <span class='ocr_line' id='line_1_6' title="bbox 723 1020 2784 1119; baseline 0.001 -22"><span class='ocrx_word' id='word_1_31' title='bbox 723 1020 1053 1097; x_wconf 76' lang='lat' dir='ltr'><strong>offendunt</strong></span> <span class='ocrx_word' id='word_1_32' title='bbox 1115 1035 1433 1117; x_wconf 78' lang='lat' dir='ltr'><strong>anapaesti</strong></span> <span class='ocrx_word' id='word_1_33' title='bbox 1494 1033 1726 1117; x_wconf 83' lang='lat' dir='ltr'><strong>passim</strong></span> <span class='ocrx_word' id='word_1_34' title='bbox 1785 1034 1979 1111; x_wconf 82' lang='lat' dir='ltr'><strong>obvii,</strong></span> <span class='ocrx_word' id='word_1_35' title='bbox 2041 1056 2204 1119; x_wconf 82' lang='lat' dir='ltr'><strong>quos</strong></span> <span class='ocrx_word' id='word_1_36' title='bbox 2260 1048 2560 1099; x_wconf 86' lang='lat' dir='ltr'><strong>monente</strong></span> <span class='ocrx_word' id='word_1_37' title='bbox 2617 1038 2784 1099; x_wconf 87' lang='lat' dir='ltr'><strong>Her-</strong></span> 
     </span>
     <span class='ocr_line' id='line_1_7' title="bbox 721 1140 2783 1226; baseline -0 -22"><span class='ocrx_word' id='word_1_38' title='bbox 721 1165 955 1205; x_wconf 86' lang='lat' dir='ltr'><strong>manno</strong></span> <span class='ocrx_word' id='word_1_39' title='bbox 1000 1142 1278 1203; x_wconf 86' lang='lat' dir='ltr'><strong>comicus</strong></span> <span class='ocrx_word' id='word_1_40' title='bbox 1318 1142 1631 1218; x_wconf 84' lang='lat' dir='ltr'><strong>trimeter,</strong></span> <span class='ocrx_word' id='word_1_41' title='bbox 1678 1150 1942 1225; x_wconf 88' lang='lat' dir='ltr'><strong>praeter.</strong></span> <span class='ocrx_word' id='word_1_42' title='bbox 1977 1140 2268 1202; x_wconf 80' lang='lat' dir='ltr'><strong>ultimum</strong></span> <span class='ocrx_word' id='word_1_43' title='bbox 2325 1143 2595 1226; x_wconf 74' lang='lat' dir='ltr'><strong>pedem,</strong></span> <span class='ocrx_word' id='word_1_44' title='bbox 2638 1145 2783 1205; x_wconf 86' lang='lat' dir='ltr'><strong>ubi-</strong></span> 
     </span>
     <span class='ocr_line' id='line_1_8' title="bbox 725 1247 2804 1334; baseline 0.001 -24"><span class='ocrx_word' id='word_1_45' title='bbox 725 1271 849 1333; x_wconf 88' lang='lat' dir='ltr'><strong>que</strong></span> <span class='ocrx_word' id='word_1_46' title='bbox 913 1249 1206 1313; x_wconf 79' lang='lat' dir='ltr'><strong>admittit.</strong></span> <span class='ocrx_word' id='word_1_47' title='bbox 1307 1249 1548 1309; x_wconf 80' lang='lat' dir='ltr'><strong>Tamen</strong></span> <span class='ocrx_word' id='word_1_48' title='bbox 1607 1258 1845 1309; x_wconf 87' lang='lat' dir='ltr'><strong>restare</strong></span> <span class='ocrx_word' id='word_1_49' title='bbox 1900 1247 2155 1309; x_wconf 83' lang='lat' dir='ltr'><strong>videtur</strong></span> <span class='ocrx_word' id='word_1_50' title='bbox 2207 1247 2540 1310; x_wconf 84' lang='lat' dir='ltr'><strong>difficultas</strong></span> <span class='ocrx_word' id='word_1_51' title='bbox 2589 1256 2804 1334; x_wconf 83' lang='lat' dir='ltr'><strong>quae-&#39;</strong></span> 
     </span>
     <span class='ocr_line' id='line_1_9' title="bbox 727 1352 2787 1440; baseline 0 -21"><span class='ocrx_word' id='word_1_52' title='bbox 727 1355 872 1421; x_wconf 77' lang='lat' dir='ltr'><strong>dam</strong></span> <span class='ocrx_word' id='word_1_53' title='bbox 930 1357 995 1417; x_wconf 90' lang='lat' dir='ltr'><strong>in</strong></span> <span class='ocrx_word' id='word_1_54' title='bbox 1051 1362 1241 1417; x_wconf 74' lang='lat' dir='ltr'><strong>versu</strong></span> <span class='ocrx_word' id='word_1_55' title='bbox 1293 1355 1510 1432; x_wconf 87' lang='lat' dir='ltr'><strong>tertio,</strong></span> <span class='ocrx_word' id='word_1_56' title='bbox 1551 1352 1619 1414; x_wconf 86' lang='lat' dir='ltr'><strong>in</strong></span> <span class='ocrx_word' id='word_1_57' title='bbox 1661 1360 1826 1437; x_wconf 66' lang='lat' dir='ltr'><strong>quo,</strong></span> <span class='ocrx_word' id='word_1_58' title='bbox 1856 1374 2005 1415; x_wconf 85' lang='lat' dir='ltr'><strong>cum</strong></span> <span class='ocrx_word' id='word_1_59' title='bbox 2047 1362 2305 1438; x_wconf 80' lang='lat' dir='ltr'><strong>quartus</strong></span> <span class='ocrx_word' id='word_1_60' title='bbox 2347 1376 2460 1439; x_wconf 83' lang='lat' dir='ltr'><strong>pes</strong></span> <span class='ocrx_word' id='word_1_61' title='bbox 2513 1358 2787 1440; x_wconf 70' lang='lat' dir='ltr'><strong>anapae-</strong></span> 
     </span>
     <span class='ocr_line' id='line_1_10' title="bbox 726 1459 2784 1554; baseline 0.001 -31"><span class='ocrx_word' id='word_1_62' title='bbox 726 1473 852 1523; x_wconf 79' lang='lat' dir='ltr'><strong>stus</strong></span> <span class='ocrx_word' id='word_1_63' title='bbox 910 1462 1012 1539; x_wconf 84' lang='lat' dir='ltr'><strong>sit,</strong></span> <span class='ocrx_word' id='word_1_64' title='bbox 1071 1461 1453 1523; x_wconf 81' lang='lat' dir='ltr'><strong>vocabulum</strong></span> <span class='ocrx_word' id='word_1_65' title='bbox 1508 1459 1730 1522; x_wconf 85' lang='lat' dir='ltr'><strong>finitur</strong></span> <span class='ocrx_word' id='word_1_66' title='bbox 1766 1462 1974 1544; x_wconf 85' lang='lat' dir='ltr'><strong>prima</strong></span> <span class='ocrx_word' id='word_1_67' title='bbox 2021 1461 2314 1537; x_wconf 81' lang='lat' dir='ltr'><strong>brevium</strong></span> <span class='ocrx_word' id='word_1_68' title='bbox 2368 1462 2784 1554; x_wconf 77' lang='lat' dir='ltr'><strong>syllabarum3</strong></span> 
     </span>
     <span class='ocr_line' id='line_1_11' title="bbox 726 1567 2785 1652; baseline 0.001 -23"><span class='ocrx_word' id='word_1_69' title='bbox 726 1580 874 1631; x_wconf 81' lang='lat' dir='ltr'><strong>nam</strong></span> <span class='ocrx_word' id='word_1_70' title='bbox 916 1569 1312 1631; x_wconf 73' lang='lat' dir='ltr'><strong>Hermannus</strong></span> <span class='ocrx_word' id='word_1_71' title='bbox 1358 1568 1548 1652; x_wconf 85' lang='lat' dir='ltr'><strong>(Epit.</strong></span> <span class='ocrx_word' id='word_1_72' title='bbox 1593 1567 1796 1630; x_wconf 84' lang='lat' dir='ltr'><strong>doctr.</strong></span> <span class='ocrx_word' id='word_1_73' title='bbox 1841 1578 2025 1629; x_wconf 88' lang='lat' dir='ltr'><strong>metr.</strong></span> <span class='ocrx_word' id='word_1_74' title='bbox 2070 1573 2128 1642; x_wconf 84' lang='lat'><strong>§.</strong></span> <span class='ocrx_word' id='word_1_75' title='bbox 2175 1572 2333 1649; x_wconf 80' lang='lat'>146.)</span> <span class='ocrx_word' id='word_1_76' title='bbox 2379 1570 2615 1648; x_wconf 76' lang='lat' dir='ltr'><strong>statuit,</strong></span> <span class='ocrx_word' id='word_1_77' title='bbox 2653 1593 2785 1631; x_wconf 90' lang='lat' dir='ltr'><strong>non</strong></span> 
     </span>
     <span class='ocr_line' id='line_1_12' title="bbox 728 1675 2790 1761; baseline 0.001 -26"><span class='ocrx_word' id='word_1_78' title='bbox 728 1675 869 1737; x_wconf 84' lang='lat' dir='ltr'><strong>fieri</strong></span> <span class='ocrx_word' id='word_1_79' title='bbox 915 1697 1120 1758; x_wconf 87' lang='lat' dir='ltr'><strong>posse,</strong></span> <span class='ocrx_word' id='word_1_80' title='bbox 1165 1675 1275 1736; x_wconf 87' lang='lat' dir='ltr'><strong>ubi</strong></span> <span class='ocrx_word' id='word_1_81' title='bbox 1306 1675 1408 1736; x_wconf 87' lang='lat' dir='ltr'><strong>vel</strong></span> <span class='ocrx_word' id='word_1_82' title='bbox 1442 1675 1873 1758; x_wconf 81' lang='lat' dir='ltr'><strong>interpunctio</strong></span> <span class='ocrx_word' id='word_1_83' title='bbox 1909 1680 2297 1759; x_wconf 83' lang='lat' dir='ltr'><strong>personaeve</strong></span> <span class='ocrx_word' id='word_1_84' title='bbox 2326 1677 2591 1739; x_wconf 88' lang='lat' dir='ltr'><strong>mutatio</strong></span> <span class='ocrx_word' id='word_1_85' title='bbox 2624 1700 2790 1761; x_wconf 89' lang='lat' dir='ltr'><strong>pau-</strong></span> 
     </span>
     <span class='ocr_line' id='line_1_13' title="bbox 727 1782 2788 1870; baseline -0 -25"><span class='ocrx_word' id='word_1_86' title='bbox 727 1805 860 1845; x_wconf 82' lang='lat' dir='ltr'><strong>sam</strong></span> <span class='ocrx_word' id='word_1_87' title='bbox 898 1782 968 1845; x_wconf 86' lang='lat' dir='ltr'><strong>in</strong></span> <span class='ocrx_word' id='word_1_88' title='bbox 1013 1782 1360 1866; x_wconf 80' lang='lat' dir='ltr'><strong>easyllaba</strong></span> <span class='ocrx_word' id='word_1_89' title='bbox 1399 1782 1538 1844; x_wconf 84' lang='lat' dir='ltr'><strong>fieri</strong></span> <span class='ocrx_word' id='word_1_90' title='bbox 1583 1782 1952 1866; x_wconf 85' lang='lat' dir='ltr'><strong>postularet,</strong></span> <span class='ocrx_word' id='word_1_91' title='bbox 1998 1792 2186 1870; x_wconf 81' lang='lat' dir='ltr'><strong>atque</strong></span> <span class='ocrx_word' id='word_1_92' title='bbox 2233 1783 2539 1845; x_wconf 84' lang='lat' dir='ltr'><strong>eiusmodi</strong></span> <span class='ocrx_word' id='word_1_93' title='bbox 2574 1806 2788 1845; x_wconf 83' lang='lat' dir='ltr'><strong>versus</strong></span> 
     </span>
     <span class='ocr_line' id='line_1_14' title="bbox 728 1888 2792 1972; baseline -0 -20"><span class='ocrx_word' id='word_1_94' title='bbox 728 1913 860 1952; x_wconf 90' lang='lat' dir='ltr'><strong>non</strong></span> <span class='ocrx_word' id='word_1_95' title='bbox 902 1890 1166 1951; x_wconf 86' lang='lat' dir='ltr'><strong>dubium</strong></span> <span class='ocrx_word' id='word_1_96' title='bbox 1204 1888 1431 1965; x_wconf 82' lang='lat' dir='ltr'><strong>videri,</strong></span> <span class='ocrx_word' id='word_1_97' title='bbox 1478 1889 1631 1972; x_wconf 88' lang='lat' dir='ltr'><strong>quin</strong></span> <span class='ocrx_word' id='word_1_98' title='bbox 1675 1889 1964 1972; x_wconf 87' lang='lat' dir='ltr'><strong>corrupti</strong></span> <span class='ocrx_word' id='word_1_99' title='bbox 1991 1889 2269 1972; x_wconf 82' lang='lat' dir='ltr'><strong>putandi</strong></span> <span class='ocrx_word' id='word_1_100' title='bbox 2321 1891 2463 1953; x_wconf 80' lang='lat' dir='ltr'><strong>sint.</strong></span> <span class='ocrx_word' id='word_1_101' title='bbox 2550 1892 2792 1968; x_wconf 82' lang='lat' dir='ltr'><strong>Quam-</strong></span> 
     </span>
     <span class='ocr_line' id='line_1_15' title="bbox 731 1993 2790 2082; baseline 0 -22"><span class='ocrx_word' id='word_1_102' title='bbox 731 2008 921 2080; x_wconf 82' lang='lat' dir='ltr'><strong>quam</strong></span> <span class='ocrx_word' id='word_1_103' title='bbox 968 2017 1098 2058; x_wconf 89' lang='lat' dir='ltr'><strong>non</strong></span> <span class='ocrx_word' id='word_1_104' title='bbox 1141 1994 1438 2079; x_wconf 81' lang='lat' dir='ltr'><strong>litigarim</strong></span> <span class='ocrx_word' id='word_1_105' title='bbox 1482 2015 1628 2055; x_wconf 91' lang='lat' dir='ltr'><strong>cum</strong></span> <span class='ocrx_word' id='word_1_106' title='bbox 1665 1993 1807 2056; x_wconf 82' lang='lat' dir='ltr'><strong>viro</strong></span> <span class='ocrx_word' id='word_1_107' title='bbox 1852 1995 2106 2078; x_wconf 81' lang='lat' dir='ltr'><strong>egregio</strong></span> <span class='ocrx_word' id='word_1_108' title='bbox 2147 1995 2226 2056; x_wconf 83' lang='lat' dir='ltr'><strong>de</strong></span> <span class='ocrx_word' id='word_1_109' title='bbox 2262 1997 2602 2078; x_wconf 84' lang='lat' dir='ltr'><strong>posteriori</strong></span> <span class='ocrx_word' id='word_1_110' title='bbox 2627 1999 2790 2082; x_wconf 81' lang='lat' dir='ltr'><strong>lege,</strong></span> 
     </span>
     <span class='ocr_line' id='line_1_16' title="bbox 723 2084 2792 2187; baseline 0.002 -24"><span class='ocrx_word' id='word_1_111' title='bbox 723 2084 921 2187; x_wconf 34' lang='lat' dir='ltr'><strong>&#39;quam</strong></span> <span class='ocrx_word' id='word_1_112' title='bbox 997 2102 1188 2165; x_wconf 84' lang='lat' dir='ltr'><strong>etiani</strong></span> <span class='ocrx_word' id='word_1_113' title='bbox 1254 2112 1484 2186; x_wconf 86' lang='lat' dir='ltr'><strong>poetae</strong></span> <span class='ocrx_word' id='word_1_114' title='bbox 1549 2100 1779 2162; x_wconf 83' lang='lat' dir='ltr'><strong>comici</strong></span> <span class='ocrx_word' id='word_1_115' title='bbox 1846 2101 2205 2163; x_wconf 74' lang='lat' dir='ltr'><strong>observasse</strong></span> <span class='ocrx_word' id='word_1_116' title='bbox 2263 2102 2584 2182; x_wconf 86' lang='lat' dir='ltr'><strong>videntur,</strong></span> <span class='ocrx_word' id='word_1_117' title='bbox 2643 2127 2792 2168; x_wconf 88' lang='lat' dir='ltr'><strong>cum</strong></span> 
     </span>
     <span class='ocr_line' id='line_1_17' title="bbox 732 2207 2791 2295; baseline 0.001 -23"><span class='ocrx_word' id='word_1_118' title='bbox 732 2211 896 2273; x_wconf 82' lang='lat' dir='ltr'><strong>duae</strong></span> <span class='ocrx_word' id='word_1_119' title='bbox 951 2217 1263 2292; x_wconf 66' lang='lat' dir='ltr'><strong>personae</strong></span> <span class='ocrx_word' id='word_1_120' title='bbox 1325 2208 1494 2270; x_wconf 84' lang='lat' dir='ltr'><strong>inter</strong></span> <span class='ocrx_word' id='word_1_121' title='bbox 1554 2228 1621 2270; x_wconf 87' lang='lat' dir='ltr'><strong>se</strong></span> <span class='ocrx_word' id='word_1_122' title='bbox 1669 2207 2101 2291; x_wconf 81' lang='lat' dir='ltr'><strong>colloquentes</strong></span> <span class='ocrx_word' id='word_1_123' title='bbox 2145 2210 2210 2270; x_wconf 86' lang='lat' dir='ltr'><strong>et</strong></span> <span class='ocrx_word' id='word_1_124' title='bbox 2245 2208 2310 2269; x_wconf 88' lang='lat' dir='ltr'><strong>in</strong></span> <span class='ocrx_word' id='word_1_125' title='bbox 2357 2221 2583 2294; x_wconf 83' lang='lat' dir='ltr'><strong>quarto</strong></span> <span class='ocrx_word' id='word_1_126' title='bbox 2624 2212 2791 2295; x_wconf 88' lang='lat' dir='ltr'><strong>pede</strong></span> 
     </span>
     <span class='ocr_line' id='line_1_18' title="bbox 729 2314 2794 2402; baseline 0 -23"><span class='ocrx_word' id='word_1_127' title='bbox 729 2326 875 2402; x_wconf 76' lang='lat' dir='ltr'><strong>post</strong></span> <span class='ocrx_word' id='word_1_128' title='bbox 913 2314 1183 2401; x_wconf 79' lang='lat' dir='ltr'><strong>primam</strong></span> <span class='ocrx_word' id='word_1_129' title='bbox 1221 2315 1513 2379; x_wconf 85' lang='lat' dir='ltr'><strong>brevium</strong></span> <span class='ocrx_word' id='word_1_130' title='bbox 1554 2316 1936 2399; x_wconf 85' lang='lat' dir='ltr'><strong>syllabarum</strong></span> <span class='ocrx_word' id='word_1_131' title='bbox 1969 2338 2101 2378; x_wconf 86' lang='lat' dir='ltr'><strong>sese</strong></span> <span class='ocrx_word' id='word_1_132' title='bbox 2132 2316 2506 2402; x_wconf 84' lang='lat' dir='ltr'><strong>excipientes</strong></span> <span class='ocrx_word' id='word_1_133' title='bbox 2541 2339 2794 2380; x_wconf 85' lang='lat' dir='ltr'><strong>versum</strong></span> 
     </span>
     <span class='ocr_line' id='line_1_19' title="bbox 732 2422 2793 2507; baseline 0 -22"><span class='ocrx_word' id='word_1_134' title='bbox 732 2425 1123 2507; x_wconf 87' lang='lat' dir='ltr'><strong>aliquatenus</strong></span> <span class='ocrx_word' id='word_1_135' title='bbox 1172 2422 1470 2483; x_wconf 83' lang='lat' dir='ltr'><strong>dirimant</strong></span> <span class='ocrx_word' id='word_1_136' title='bbox 1508 2443 1894 2505; x_wconf 85' lang='lat' dir='ltr'><strong>pausamque</strong></span> <span class='ocrx_word' id='word_1_137' title='bbox 1938 2423 2101 2482; x_wconf 89' lang='lat' dir='ltr'><strong>iusto</strong></span> <span class='ocrx_word' id='word_1_138' title='bbox 2147 2424 2793 2504; x_wconf 77' lang='lat' dir='ltr'><strong>maiorem&#39;efficiant,</strong></span> 
     </span>
     <span class='ocr_line' id='line_1_20' title="bbox 729 2528 2796 2617; baseline 0.003 -25"><span class='ocrx_word' id='word_1_139' title='bbox 729 2532 894 2593; x_wconf 81' lang='lat' dir='ltr'><strong>sicut</strong></span> <span class='ocrx_word' id='word_1_140' title='bbox 936 2540 1030 2592; x_wconf 90' lang='lat' dir='ltr'><strong>est</strong></span> <span class='ocrx_word' id='word_1_141' title='bbox 1068 2529 1134 2591; x_wconf 89' lang='lat' dir='ltr'><strong>in</strong></span> <span class='ocrx_word' id='word_1_142' title='bbox 1176 2528 1493 2612; x_wconf 84' lang='lat' dir='ltr'><strong>Aristoph.</strong></span> <span class='ocrx_word' id='word_1_143' title='bbox 1536 2529 1728 2612; x_wconf 85' lang='lat' dir='ltr'><strong>Vesp.</strong></span> <span class='ocrx_word' id='word_1_144' title='bbox 1774 2532 1960 2611; x_wconf 75' lang='lat'>13692</span> <span class='ocrx_word' id='word_1_145' title='bbox 2000 2538 2212 2591; x_wconf 89' lang='lat' dir='ltr'><strong>tamen</strong></span> <span class='ocrx_word' id='word_1_146' title='bbox 2250 2553 2380 2592; x_wconf 90' lang='lat' dir='ltr'><strong>non</strong></span> <span class='ocrx_word' id='word_1_147' title='bbox 2405 2531 2613 2611; x_wconf 86' lang='lat' dir='ltr'><strong>video,</strong></span> <span class='ocrx_word' id='word_1_148' title='bbox 2640 2532 2796 2617; x_wconf 84' lang='lat' dir='ltr'><strong>qnid</strong></span> 
     </span>
     <span class='ocr_line' id='line_1_21' title="bbox 733 2634 2793 2724; baseline 0.001 -24"><span class='ocrx_word' id='word_1_149' title='bbox 733 2640 962 2716; x_wconf 74' lang='lat' dir='ltr'><strong>obstet,</strong></span> <span class='ocrx_word' id='word_1_150' title='bbox 1007 2658 1134 2721; x_wconf 85' lang='lat' dir='ltr'><strong>qno</strong></span> <span class='ocrx_word' id='word_1_151' title='bbox 1179 2636 1383 2698; x_wconf 88' lang='lat' dir='ltr'><strong>minus</strong></span> <span class='ocrx_word' id='word_1_152' title='bbox 1428 2635 1633 2717; x_wconf 81' lang='lat' dir='ltr'><strong>legem</strong></span> <span class='ocrx_word' id='word_1_153' title='bbox 1673 2634 1956 2718; x_wconf 88' lang='lat' dir='ltr'><strong>priorem</strong></span> <span class='ocrx_word' id='word_1_154' title='bbox 1998 2636 2303 2719; x_wconf 86' lang='lat' dir='ltr'><strong>paulatim</strong></span> <span class='ocrx_word' id='word_1_155' title='bbox 2345 2641 2793 2724; x_wconf 83' lang='lat' dir='ltr'><strong>restringamus</strong></span> 
     </span>
     <span class='ocr_line' id='line_1_22' title="bbox 732 2740 2794 2829; baseline 0.001 -24"><span class='ocrx_word' id='word_1_156' title='bbox 732 2765 1073 2828; x_wconf 86' lang='lat' dir='ltr'><strong>versusque</strong></span> <span class='ocrx_word' id='word_1_157' title='bbox 1154 2741 1385 2802; x_wconf 85' lang='lat' dir='ltr'><strong>multos</strong></span> <span class='ocrx_word' id='word_1_158' title='bbox 1461 2740 1920 2823; x_wconf 76' lang='lat' dir='ltr'><strong>AristophaniS,</strong></span> <span class='ocrx_word' id='word_1_159' title='bbox 1986 2743 2063 2803; x_wconf 86' lang='lat' dir='ltr'><strong>ab</strong></span> <span class='ocrx_word' id='word_1_160' title='bbox 2144 2745 2315 2804; x_wconf 88' lang='lat' dir='ltr'><strong>omni</strong></span> <span class='ocrx_word' id='word_1_161' title='bbox 2364 2748 2794 2829; x_wconf 87' lang='lat' dir='ltr'><strong>corruptionis</strong></span> 
     </span>
     <span class='ocr_line' id='line_1_23' title="bbox 655 2848 2796 2934; baseline 0.001 -22"><span class='ocrx_word' id='word_1_162' title='bbox 655 2876 663 2882; x_wconf 91' lang='lat'>·</span> <span class='ocrx_word' id='word_1_163' title='bbox 733 2851 1090 2934; x_wconf 82' lang='lat' dir='ltr'><strong>suspicione</strong></span> <span class='ocrx_word' id='word_1_164' title='bbox 1151 2849 1415 2925; x_wconf 85' lang='lat' dir='ltr'><strong>liberos,</strong></span> <span class='ocrx_word' id='word_1_165' title='bbox 1469 2848 1637 2908; x_wconf 86' lang='lat' dir='ltr'><strong>inter</strong></span> <span class='ocrx_word' id='word_1_166' title='bbox 1695 2868 1877 2907; x_wconf 86' lang='lat' dir='ltr'><strong>sanos</strong></span> <span class='ocrx_word' id='word_1_167' title='bbox 1936 2870 2370 2921; x_wconf 82' lang='lat' dir='ltr'><strong>numeremus3</strong></span> <span class='ocrx_word' id='word_1_168' title='bbox 2435 2874 2562 2912; x_wconf 90' lang='lat' dir='ltr'><strong>uno</strong></span> <span class='ocrx_word' id='word_1_169' title='bbox 2625 2854 2796 2915; x_wconf 88' lang='lat' dir='ltr'><strong>enim</strong></span> 
     </span>
     <span class='ocr_line' id='line_1_24' title="bbox 732 2954 2795 3041; baseline 0.001 -23"><span class='ocrx_word' id='word_1_170' title='bbox 732 2979 987 3020; x_wconf 76' lang='lat' dir='ltr'><strong>versum</strong></span> <span class='ocrx_word' id='word_1_171' title='bbox 1038 2954 1377 3039; x_wconf 84' lang='lat' dir='ltr'><strong>quendam,</strong></span> <span class='ocrx_word' id='word_1_172' title='bbox 1438 2955 1503 3014; x_wconf 89' lang='lat' dir='ltr'><strong>in</strong></span> <span class='ocrx_word' id='word_1_173' title='bbox 1566 2976 1690 3036; x_wconf 90' lang='lat' dir='ltr'><strong>quo</strong></span> <span class='ocrx_word' id='word_1_174' title='bbox 1752 2965 2164 3038; x_wconf 73' lang='lat' dir='ltr'><strong>quartuspes</strong></span> <span class='ocrx_word' id='word_1_175' title='bbox 2202 2957 2549 3022; x_wconf 87' lang='lat' dir='ltr'><strong>secundum</strong></span> <span class='ocrx_word' id='word_1_176' title='bbox 2588 2958 2795 3041; x_wconf 87' lang='lat' dir='ltr'><strong>legem</strong></span> 
     </span>
     <span class='ocr_line' id='line_1_25' title="bbox 735 3061 2794 3148; baseline 0.001 -23"><span class='ocrx_word' id='word_1_177' title='bbox 735 3087 925 3148; x_wconf 80' lang='lat' dir='ltr'><strong>supra</strong></span> <span class='ocrx_word' id='word_1_178' title='bbox 986 3061 1368 3144; x_wconf 86' lang='lat' dir='ltr'><strong>descriptam</strong></span> <span class='ocrx_word' id='word_1_179' title='bbox 1430 3071 1799 3144; x_wconf 87' lang='lat' dir='ltr'><strong>anapaestus</strong></span> <span class='ocrx_word' id='word_1_180' title='bbox 1862 3072 1972 3140; x_wconf 87' lang='lat' dir='ltr'><strong>est,</strong></span> <span class='ocrx_word' id='word_1_181' title='bbox 2034 3064 2365 3142; x_wconf 85' lang='lat' dir='ltr'><strong>recitante,</strong></span> <span class='ocrx_word' id='word_1_182' title='bbox 2424 3074 2557 3126; x_wconf 89' lang='lat' dir='ltr'><strong>tam</strong></span> <span class='ocrx_word' id='word_1_183' title='bbox 2618 3076 2794 3127; x_wconf 90' lang='lat' dir='ltr'><strong>arcte</strong></span> 
     </span>
     <span class='ocr_line' id='line_1_26' title="bbox 733 3166 2794 3255; baseline 0 -25"><span class='ocrx_word' id='word_1_184' title='bbox 733 3179 998 3254; x_wconf 73' lang='lat' dir='ltr'><strong>possunt</strong></span> <span class='ocrx_word' id='word_1_185' title='bbox 1042 3168 1201 3229; x_wconf 88' lang='lat' dir='ltr'><strong>duae</strong></span> <span class='ocrx_word' id='word_1_186' title='bbox 1243 3166 1427 3229; x_wconf 82' lang='lat' dir='ltr'><strong>huius</strong></span> <span class='ocrx_word' id='word_1_187' title='bbox 1474 3189 1688 3230; x_wconf 87' lang='lat' dir='ltr'><strong>versus</strong></span> <span class='ocrx_word' id='word_1_188' title='bbox 1717 3178 1927 3252; x_wconf 86' lang='lat' dir='ltr'><strong>partes</strong></span> <span class='ocrx_word' id='word_1_189' title='bbox 1957 3170 2442 3251; x_wconf 85' lang='lat' dir='ltr'><strong>pronunciando</strong></span> <span class='ocrx_word' id='word_1_190' title='bbox 2475 3172 2794 3255; x_wconf 83' lang='lat' dir='ltr'><strong>coniungi,</strong></span> 
     </span>
     <span class='ocr_line' id='line_1_27' title="bbox 736 3274 2796 3360; baseline 0 -23"><span class='ocrx_word' id='word_1_191' title='bbox 736 3286 809 3337; x_wconf 90' lang='lat' dir='ltr'><strong>ut</strong></span> <span class='ocrx_word' id='word_1_192' title='bbox 854 3275 953 3338; x_wconf 82' lang='lat' dir='ltr'><strong>vix</strong></span> <span class='ocrx_word' id='word_1_193' title='bbox 1010 3274 1270 3338; x_wconf 87' lang='lat' dir='ltr'><strong>durities</strong></span> <span class='ocrx_word' id='word_1_194' title='bbox 1337 3275 1651 3360; x_wconf 87' lang='lat' dir='ltr'><strong>quaedam</strong></span> <span class='ocrx_word' id='word_1_195' title='bbox 1702 3276 1804 3337; x_wconf 84' lang='lat' dir='ltr'><strong>vel</strong></span> <span class='ocrx_word' id='word_1_196' title='bbox 1860 3297 2056 3360; x_wconf 87' lang='lat' dir='ltr'><strong>pausa</strong></span> <span class='ocrx_word' id='word_1_197' title='bbox 2111 3275 2382 3357; x_wconf 83' lang='lat' dir='ltr'><strong>oriatur,</strong></span> <span class='ocrx_word' id='word_1_198' title='bbox 2444 3278 2796 3340; x_wconf 88' lang='lat' dir='ltr'><strong>cuiusmodi</strong></span> 
     </span>
     <span class='ocr_line' id='line_1_28' title="bbox 738 3392 1130 3444; baseline 0.005 -2"><span class='ocrx_word' id='word_1_199' title='bbox 738 3392 834 3443; x_wconf 89' lang='lat' dir='ltr'><strong>est</strong></span> <span class='ocrx_word' id='word_1_200' title='bbox 878 3392 1130 3444; x_wconf 82' lang='lat' dir='ltr'><strong>noster:</strong></span> 
     </span>
    </p>

    <p class='ocr_par' dir='ltr' id='par_1_4' title="bbox 739 3477 2314 3678">
     <span class='ocr_line' id='line_1_29' title="bbox 890 3477 2314 3572; baseline -0.001 -21"><span class='ocrx_word' id='word_1_201' title='bbox 890 3482 1184 3561; x_wconf 85' lang='grc' dir='ltr'><strong><em>Ἰλισσός</em></strong></span> <span class='ocrx_word' id='word_1_202' title='bbox 1230 3486 1298 3551; x_wconf 75' lang='grc' dir='ltr'><strong>ἐν</strong></span> <span class='ocrx_word' id='word_1_203' title='bbox 1338 3483 1625 3572; x_wconf 77' lang='grc' dir='ltr'><em>φάρυγγι·</em></span> <span class='ocrx_word' id='word_1_204' title='bbox 1666 3485 1738 3549; x_wconf 82' lang='grc' dir='ltr'><strong>τί</strong></span> <span class='ocrx_word' id='word_1_205' title='bbox 1770 3477 1848 3550; x_wconf 70' lang='grc' dir='ltr'><strong>ἄν</strong></span> <span class='ocrx_word' id='word_1_206' title='bbox 1892 3484 2128 3567; x_wconf 72' lang='grc' dir='ltr'><em>εἴποιμι</em></span> <span class='ocrx_word' id='word_1_207' title='bbox 2170 3509 2314 3570; x_wconf 73' lang='grc' dir='ltr'><strong><em>σοις</em></strong></span> 
     </span>
     <span class='ocr_line' id='line_1_30' title="bbox 739 3585 1938 3678; baseline -0.003 -22"><span class='ocrx_word' id='word_1_208' title='bbox 739 3595 806 3657; x_wconf 78' lang='lat' dir='ltr'><strong>et</strong></span> <span class='ocrx_word' id='word_1_209' title='bbox 844 3585 952 3677; x_wconf 81' lang='lat' dir='ltr'><strong>ille</strong></span> <span class='ocrx_word' id='word_1_210' title='bbox 991 3595 1428 3678; x_wconf 88' lang='lat' dir='ltr'><strong>Aristophanis</strong></span> <span class='ocrx_word' id='word_1_211' title='bbox 1474 3593 1538 3653; x_wconf 90' lang='lat' dir='ltr'><strong>in</strong></span> <span class='ocrx_word' id='word_1_212' title='bbox 1581 3595 1750 3655; x_wconf 92' lang='lat' dir='ltr'><strong>Pace</strong></span> <span class='ocrx_word' id='word_1_213' title='bbox 1798 3612 1938 3667; x_wconf 83' lang='lat'>217.</span> 
     </span>
    </p>

    <p class='ocr_par' dir='ltr' id='par_1_5' title="bbox 739 3692 2253 3872">
     <span class='ocr_line' id='line_1_31' title="bbox 889 3692 2253 3785; baseline 0 -20"><span class='ocrx_word' id='word_1_214' title='bbox 889 3695 1151 3785; x_wconf 47' lang='lat' dir='ltr'><strong>’mayn’</strong></span> <span class='ocrx_word' id='word_1_215' title='bbox 1195 3692 1273 3764; x_wconf 76' lang='grc' dir='ltr'><strong>ἂν</strong></span> <span class='ocrx_word' id='word_1_216' title='bbox 1315 3695 1492 3781; x_wconf 70' lang='grc' dir='ltr'><strong><em>ὑμεῖς</em></strong></span> <span class='ocrx_word' id='word_1_217' title='bbox 1539 3693 1744 3774; x_wconf 74' lang='grc' dir='ltr'><em>εὐθύς·</em></span> <span class='ocrx_word' id='word_1_218' title='bbox 1788 3696 2253 3781; x_wconf 64' lang='grc' dir='ltr'><em>ἐξαπατώμεθα.</em></span> 
     </span>
     <span class='ocr_line' id='line_1_32' title="bbox 739 3808 1202 3872; baseline 0.002 -5"><span class='ocrx_word' id='word_1_219' title='bbox 739 3808 819 3867; x_wconf 79' lang='lat' dir='ltr'><strong>cf.</strong></span> <span class='ocrx_word' id='word_1_220' title='bbox 863 3808 1016 3869; x_wconf 86' lang='lat' dir='ltr'><strong>ibid.</strong></span> <span class='ocrx_word' id='word_1_221' title='bbox 1063 3813 1202 3872; x_wconf 80' lang='lat'><strong>213.</strong></span> 
     </span>
    </p>

    <p class='ocr_par' dir='ltr' id='par_1_6' title="bbox 739 3913 2802 4105">
     <span class='ocr_line' id='line_1_33' title="bbox 900 3913 2801 3997; baseline 0.001 -23"><span class='ocrx_word' id='word_1_222' title='bbox 900 3916 1136 3975; x_wconf 86' lang='lat' dir='ltr'><strong>Totum</strong></span> <span class='ocrx_word' id='word_1_223' title='bbox 1181 3914 1422 3976; x_wconf 87' lang='lat' dir='ltr'><strong>Cratini</strong></span> <span class='ocrx_word' id='word_1_224' title='bbox 1478 3916 1901 3996; x_wconf 85' lang='lat' dir='ltr'><strong>fragmentum</strong></span> <span class='ocrx_word' id='word_1_225' title='bbox 1958 3913 2251 3997; x_wconf 87' lang='lat' dir='ltr'><strong>pulcram</strong></span> <span class='ocrx_word' id='word_1_226' title='bbox 2305 3915 2591 3977; x_wconf 89' lang='lat' dir='ltr'><strong>continet</strong></span> <span class='ocrx_word' id='word_1_227' title='bbox 2641 3915 2801 3976; x_wconf 89' lang='lat' dir='ltr'><strong>ima-</strong></span> 
     </span>
     <span class='ocr_line' id='line_1_34' title="bbox 739 4019 2802 4105; baseline 0 -26"><span class='ocrx_word' id='word_1_228' title='bbox 739 4020 947 4104; x_wconf 81' lang='lat' dir='ltr'><strong>ginem</strong></span> <span class='ocrx_word' id='word_1_229' title='bbox 1005 4021 1387 4083; x_wconf 87' lang='lat' dir='ltr'><strong>admirabilis</strong></span> <span class='ocrx_word' id='word_1_230' title='bbox 1447 4021 1513 4080; x_wconf 88' lang='lat' dir='ltr'><strong>in</strong></span> <span class='ocrx_word' id='word_1_231' title='bbox 1575 4019 1939 4102; x_wconf 87' lang='lat' dir='ltr'><strong>eloquentia</strong></span> <span class='ocrx_word' id='word_1_232' title='bbox 1979 4021 2286 4082; x_wconf 76' lang='lat' dir='ltr'><strong>uhertatis</strong></span> <span class='ocrx_word' id='word_1_233' title='bbox 2331 4031 2394 4082; x_wconf 90' lang='lat' dir='ltr'><strong>et</strong></span> <span class='ocrx_word' id='word_1_234' title='bbox 2433 4021 2802 4105; x_wconf 82' lang='lat' dir='ltr'><strong>locupletis-</strong></span> 
     </span>
    </p>
   </div>
   <div class='ocr_carea' id='block_1_3' title="bbox 737 4127 2798 4212">
    <p class='ocr_par' dir='ltr' id='par_1_7' title="bbox 737 4127 2798 4212">
     <span class='ocr_line' id='line_1_35' title="bbox 737 4127 2798 4212; baseline 0.002 -22"><span class='ocrx_word' id='word_1_235' title='bbox 737 4129 930 4193; x_wconf 79' lang='lat' dir='ltr'><strong>simae</strong></span> <span class='ocrx_word' id='word_1_236' title='bbox 998 4127 1250 4194; x_wconf 86' lang='lat' dir='ltr'><strong>dicendi</strong></span> <span class='ocrx_word' id='word_1_237' title='bbox 1311 4127 1558 4212; x_wconf 82' lang='lat' dir='ltr'><strong>copiae,</strong></span> <span class='ocrx_word' id='word_1_238' title='bbox 1626 4147 1816 4212; x_wconf 78' lang='lat' dir='ltr'><strong>quam</strong></span> <span class='ocrx_word' id='word_1_239' title='bbox 1878 4127 2170 4197; x_wconf 84' lang='lat' dir='ltr'><strong>Cratinus</strong></span> <span class='ocrx_word' id='word_1_240' title='bbox 2231 4127 2387 4211; x_wconf 80' lang='lat' dir='ltr'><strong>ipse,</strong></span> <span class='ocrx_word' id='word_1_241' title='bbox 2447 4129 2556 4212; x_wconf 85' lang='lat' dir='ltr'><strong>qui</strong></span> <span class='ocrx_word' id='word_1_242' title='bbox 2611 4127 2798 4194; x_wconf 78' lang='lat' dir='ltr'><strong>huius</strong></span> 
     </span>
    </p>
   </div>
   <div class='ocr_carea' id='block_1_4' title="bbox 3059 1397 3072 2571">
    <p class='ocr_par' dir='ltr' id='par_1_8' title="bbox 3059 1397 3072 2571">
     <span class='ocr_line' id='line_1_36' title="bbox 3059 1397 3072 2571; baseline 0 0"><span class='ocrx_word' id='word_1_243' title='bbox 3059 1397 3072 2571; x_wconf 95' lang='lat' dir='ltr'><strong> </strong></span> 
     </span>
    </p>
   </div>
   <div class='ocr_carea' id='block_1_5' title="bbox 3062 3334 3070 3900">
    <p class='ocr_par' dir='ltr' id='par_1_9' title="bbox 3062 3334 3070 3900">
     <span class='ocr_line' id='line_1_37' title="bbox 3062 3334 3070 3900; baseline 0 0"><span class='ocrx_word' id='word_1_244' title='bbox 3062 3334 3070 3900; x_wconf 95' lang='lat' dir='ltr'><strong> </strong></span> 
     </span>
    </p>
   </div>
  </div>
 </body>
</html>
