3119 5087
1091 468 1626 535 —101—

312 648 544 708 tiarum
589 646 736 723 vim,
798 645 863 707 in
894 650 1353 733 'quemcunque
1396 624 1696 711 ordinem¹
1732 638 2015 739 idepque·
2049 628 2382 714 vilissimae

310 753 686 838 plebeculae
745 775 1002 839 gregem
1057 757 1281 834 fusam,
1343 765 1826 834 coacervarunt,
1856 762 1942 818 ‚ut
1981 757 2158 818 omni
2204 755 2385 818 luxu-

312 860 448 921 riae
491 859 988 946 foedissimisque
1031 863 1395 926 libidinibus
1438 882 1576 926 sese
1637 863 1884 925 darent.
1987 861 2144 925 lude
2185 863 2384 948 pessi-

311 988 449 1028 mus
507 967 613 1030 ille
668 969 1147 1032 Atheniensium
1183 978 1400 1048 status,
1459 970 1785 1055 popularis
1830 969 2150 1054 regiminis
2190 971 2383 1032 effre—

314 1082 462 1134 nata
497 1074 789 1160 licentia,
830 1077 1419 1162 potentissimorum
1457 1077 1715 1162 flagitia,
1777 1077 2160 1158 arrogantia,
2203 1076 2383 1137 frau-

315 1177 447 1256 des,
521 1182 752 1246 inertia
826 1185 1327 1270 demagogorum
1378 1186 1552 1246 vanis
1619 1184 2013 1245 orationibus
2071 1180 2381 1267 donisque
2467 1194 2473 1209 ¹

311 1286 854 1367 perniciosissimis
906 1300 1119 1369 aucta,
1189 1293 1388 1377 plebis
1451 1309 1651 1374 porro
1713 1290 2078 1353 insanientis
2138 1311 2383 1351 summa

311 1391 531 1454 levitas
579 1402 644 1457 et
682 1397 1123 1460 inconstantia.
1206 1400 1338 1460 Iam
1380 1408 1525 1460 orto
1565 1398 1738 1462 bello
1780 1396 2281 1482 Peloponesiaco
2315 1406 2383 1458 et
2442 1378 2447 1384 ³

308 1498 653 1562 infeliciter
693 1513 892 1587 gesto,
947 1525 1164 1568 omnes
1229 1493 1320 1565 illi
1366 1505 1572 1567 fontes
1614 1505 1927 1566 luxuriose
1970 1502 2223 1566 vivendi
2268 1503 2392 1564 ab-.

197 1677 211 1684 -
309 1606 736 1669 sorbebantur
776 1619 842 1671 et
887 1610 1064 1693 quasi
1112 1613 1603 1682 evanescebant3
1639 1612 1931 1695 populus
1988 1620 2224 1687 autem,
2268 1611 2381 1694 qui

310 1712 702 1795 opulentiam
760 1717 954 1779 semel
1010 1727 1387 1800 gustaverat,
1455 1718 1852 1802 inertiaeque
1896 1714 2267 1794 indulserat,
2310 1717 2376 1776 in

308 1828 640 1901 posterum
699 1844 954 1906 quoque
1009 1822 1133 1885 hoc
1193 1825 1325 1887 otio
1387 1826 1515 1886 frui
1579 1826 1898 1909 cupiebat.
2005 1826 2098 1886 Ita
2137 1824 2381 1885 factum

306 1935 427 2003 est,
471 1934 544 1986 ut
585 1927 902 1991 innumeri
944 1928 1229 1993 homines
1266 1931 1493 1993 divitiis
1525 1932 1758 2010 orbati,
1796 1931 1953 1992 nihil
1984 1927 2229 2015 agendo
2269 1952 2383 1992 oc·-

308 2032 546 2115 cupati,
590 2054 711 2115 per
751 2045 957 2096 totum
1002 2037 1169 2098 diem
1212 2040 1279 2098 in
1319 2039 1461 2100 foro
1499 2047 1911 2101 versarentur
1949 2045 2378 2122 exspectantes

309 2140 582 2223 aliquem
627 2141 1013 2202 nobiliorum
1059 2142 1158 2203 vel
1206 2143 1702 2231 opulentiorum,
1747 2144 1853 2205 cui
1887 2143 2379 2227 blandiloquen-

305 2249 396 2308 tia
441 2258 503 2310 et
547 2246 824 2310 dicteriis
869 2250 1170 2332 exoptatis
1211 2251 1562 2333 placerent,
1609 2250 1840 2313 deinde
1886 2250 1968 2311 ad
2008 2251 2179 2311 lauta
2219 2269 2380 2309 con-

303 2353 470 2416 vivia
520 2350 788 2432 invitati,
854 2356 1023 2418 inter
1085 2357 1470 2440 epulandum
1523 2358 1883 2419 scommatis
1941 2365 2007 2418 et
2050 2352 2375 2440 leporibus

302 2462 546 2523 variam
586 2463 972 2547 praeberent
1001 2463 1511 2527 delectationem.
1595 2463 1936 2549 Egregium
1961 2450 2367 2539 vocabulum,

303 2590 435 2653 quo
500 2568 802 2653 Eupolim
859 2572 924 2632 in
982 2571 1411 2634 descrihendis
1471 2572 1760 2655 parasitis
1822 2570 2148 2655 eleganter
2191 2591 2375 2632 usum

304 2697 440 2740 esse
481 2685 749 2738 testatur
795 2676 1155 2740 Athenaeus
1200 2679 1304 2739 111.
1352 2701 1416 2762 p.
1475 2697 1615 2742 100.
1657 2680 1731 2755 B,
1762 2688 1854 2739 est
1881 2675 2371 2758 κολιοδαᾴιονες,

303 2784 416 2868 qui
474 2785 840 2848 felicitatem
899 2795 1123 2848 ventre
1170 2786 1543 2863 metiuntur,
1604 2807 1879 2870 quorum
1926 2808 2158 2869 nempe
2212 2786 2371 2848 deus

302 2902 398 2953 est
438 2901 683 2966 venter,
726 2881 814 2955 ὧν
853 2886 887 2955 ὃ
927 2893 1073 2968 θἐὂς
1113 2887 1155 2974 ἦ
1203 2890 1431 2971 κοιλία,
1488 2904 1581 2973 ut,
1624 2903 1926 2957 monente
1971 2893 2374 2970 Casaubonn,

299 3000 535 3061 Paulus
587 2998 927 3086 Apostolus„
989 2998 1070 3061 ad
1110 2998 1386 3084 Philipp.
1432 3006 1492 3065 3.
1540 3024 1640 3083 19.
1680 3010 1901 3085 postea
1947 2998 2227 3082 scripsit3
2288 2998 2376 3058 si-

297 3106 540 3170 militer
587 3127 837 3167 sensum
883 3106 1181 3189 expressit
1223 3107 1514 3169 Cratinus
1559 3108 1862 3191 exquisito
1906 3104 2221 3168 vocabulo
2261 3127 2374 3188 γα..

264 3209 756 3297 ’.στροχάρυβδις
799 3212 1097 3291 (Bekkeri
1138 3214 1377 3275 Anecd.
1421 3237 1484 3298 p.
1532 3221 1634 3279 33.
1670 3218 1846 3293 ι8.).4
1894 3190 2203 3289 Κόλάκες,
2244 3233 2372 3295 quo

295 3321 558 3384 nomine
603 3319 932 3403 Eupolidis
973 3321 1186 3382 fabula
1227 3321 1618 3399 inscribitur,
1661 3319 1923 3405 proprie
1964 3328 2110 3380 sunt
2154 3316 2374 3380 adula-

294 3438 475 3490 tores
535 3426 638 3489 vel
693 3436 1137 3498 assentatores3
1196 3426 1459 3509 Eupolis
1516 3446 1673 3488 vero
1736 3435 1802 3487 et
1848 3434 2095 3487 veteres
2137 3431 2372 3507 poetae

297 3554 410 3596 eos
468 3533 731 3595 maxime
793 3533 1122 3618 castigasse
1181 3533 1588 3617 dicteriisque
1647 3530 1988 3594 salsissimis
2046 3528 2371 3615 persecuti

297 3661 435 3703 esse
493 3640 811 3719 videntur,
871 3642 980 3726 qui
1026 3640 1193 3703 hanc
1245 3640 1657 3717 deteriorem,
1710 3662 1899 3724 quam
1942 3659 2131 3721 supra
2173 3657 2365 3719 expo·-

293 3746 554 3825 suimus,
611 3747 777 3809 vitae
837 3746 1271 3809 conditionem
1333 3747 1722 3809 excolebant.
1833 3746 2007 3807 Haec
2053 3743 2367 3807 sententia

298 3854 719 3915 confirmatur
777 3854 1058 3936 primum
1122 3852 1488 3915 testimonio
1546 3851 1858 3914 Athenaei
1916 3852 2026 3914 vl.
2069 3854 2209 3915 236.
2267 3849 2370 3927 E„

305 3960 485 4034 cuius
527 3962 721 4022 verba
765 3960 926 4024 haec
967 3971 1142 4022 sunt:
1183 3956 1244 4023 οἱ
1282 3961 1344 4022 δ’
1391 3952 1646 4044 ἀρχαῖοι
1685 3957 1941 4041 ποιηταὶ
1975 3959 2125 4033 τοῦς
2165 3981 2368 4042 παρα-

304 4064 522 4141 σίτους
578 4063 863 4143 κόλακας
903 4067 1191 4131 ἐκαλοῦν·
1252 4060 1414 4151 ἄμφ’
1469 4055 1562 4129 ὧν
1611 4063 1721 4130 καί
1763 4056 2040 4141 Εὔπολις
2080 4066 2169 4152 τῷ
2214 4066 2364 4149 δρα..

292 4196 450 4258 ματι
508 4174 623 4255 τὴν
692 4173 1041 4262 ἐπιγραφὴν
1089 4168 1452 4254 ἐποιήσατο,
1511 4172 1740 4237 deinde
1794 4169 1937 4264 ipsis
1994 4162 2360 4259 fragmentis
