3119 5087
311 573 622 637 sustinuit.
724 573 776 634 F
770 572 875 653 pit
933 572 1269 656 praeterea
1327 572 1609 635 sublimis
1650 573 1895 654 pariter
1934 591 2008 632 ac
2052 574 2383 656 gratiosus,

309 682 375 743 in
439 680 731 757 consilio,
803 680 979 764 quod
1015 681 1475 765 assequendum
1517 681 1637 742 sibi
1678 681 2105 763 proponebat,
2150 681 2384 742 felicis·-

308 789 500 851 simus
563 797 630 850 et
691 789 757 849 in
819 768 1356 875 contemplatione
1402 788 1745 863 rationum,
1791 786 2018 869 quibus
2061 788 2383 864 utebatur,

307 917 611 978 magnum
651 893 939 977 prodidit
982 915 1272 971 acumen,
1316 893 1405 959 ita
1455 903 1528 954 ut
1570 896 1639 952 A.
1687 895 1765 956 G.
1809 916 1846 953 a
1877 892 2180 977 ⁴Schlegel
2223 895 2402 970 (Ge--⁴

308 1001 595 1065 schichte
624 1000 741 1061 der
773 999 1038 1061 dramat.
1080 1002 1307 1062 Kunst.
1354 1002 1400 1060 Ι.
1438 1003 1694 1083 p.314),
1739 1015 1936 1082 quum
1980 999 2155 1077 dicit,
2196 1001 2384 1061 faba--v

308 1108 519 1168 larum
599 1106 843 1167 Cratini
924 1105 1362 1167 characterem
1420 1106 1485 1166 in
1537 1105 1970 1188 Aristophanis
2019 1107 2380 1190 Equitibus,

306 1238 501 1298 quam
536 1233 692 1274 vero
735 1222 986 1273 secutus
1030 1213 1111 1273 sit
1151 1211 1467 1273 rationem
1523 1211 1786 1294 Eupolis
1837 1212 1902 1273 in
1943 1211 2379 1297 Aristophanis

304 1322 543 1382 Avibus
596 1320 860 1381 maxime
915 1319 1193 1402 perspici
1246 1339 1454 1401 posse,
1527 1319 1673 1378 satis
1726 1317 1913 1378 docte
1961 1329 2025 1380 et
2067 1320 2148 1380 ad
2187 1321 2380 1404 ipsius

304 1427 404 1488 rei
445 1426 784 1489 veritatem
825 1425 1080 1487 videtur
1119 1424 1424 1492 iudicare.
1526 1424 1977 1507 Aristophanse
2024 1427 2193 1486 enim
2234 1448 2382 1489 eum

306 1554 429 1595 nec
472 1533 656 1593 nimis
701 1535 969 1595 acerbus
1014 1543 1194 1609 esset,
1237 1541 1311 1593 ut
1342 1532 1655 1609 CratinuS,
1694 1552 1813 1592 nec
1845 1531 2004 1593 adeo
2047 1534 2377 1615 gratiosus,

304 1649 380 1699 ut
437 1638 701 1721 Eupolis
752 1639 864 1700 sed
903 1639 970 1699 in
1031 1639 1422 1700 adversarios
1470 1637 1713 1698 Cratini
1753 1637 2215 1701 vehementiam
2260 1641 2379 1701 ob·-

309 1754 598 1805 servaret
640 1755 704 1807 et
745 1746 944 1828 ipsam
973 1745 1294 1806 succincte
1330 1742 1636 1828 loquendi
1667 1744 1933 1827 gratiam
1970 1746 2032 1806 in
2059 1746 2377 1830 Eupolide

304 1850 573 1910 maxime
608 1851 1010 1934 perspicuam
1044 1874 1174 1912 non
1204 1852 1574 1934 negligeret,
1602 1852 1879 1912 mediam
1914 1853 2231 1935 quendam
2255 1854 2376 1916 bo-

297 1963 447 2017 rum
485 1957 774 2020 virorum
827 1959 1040 2020 stilum
1080 1967 1145 2021 et
1190 1958 1629 2020 characterem
1670 1969 1919 2019 secutus
1965 1970 2076 2020 est.

469 2066 762 2127 Cratinus
807 2065 1046 2127 fabulas
1092 2067 1267 2128 XXI.
1310 2066 1627 2147 scripsisse
1672 2075 1737 2126 et
1786 2058 2000 2126 novies
2044 2067 2377 2130 victoriam

302 2170 664 2257 reportasse
727 2172 964 2234 dieitur
1006 2170 1226 2250 .(Suid.
1284 2193 1341 2232 v.
1407 2170 1788 2254 Κρατῖνος);
1853 2172 2023 2233 idem
2072 2195 2373 2235 numerus

298 2279 721 2339 confirmatur
762 2280 840 2340 ab
882 2270 1175 2340 Eudocia
1216 2300 1282 2360 p.
1326 2298 1465 2363 271.
1498 2286 1578 2338 et
1606 2279 2022 2360 grammatico
2058 2272 2381 2362 anonymo'

294 2383 445 2468 περὶ
481 2384 831 2470 κωμῳδιίκς,
874 2385 985 2470 qui
1028 2385 1198 2469 apud
1238 2387 1589 2446 Kusterum
1632 2382 2036 2466 Aristophani
2069 2388 2375 2468 praemit-

300 2491 482 2552 titur.
588 2493 690 2554 De
733 2491 954 2576 gloria,
1015 2514 1208 2577 quam
1253 2490 1601 2555 comoediis
1644 2490 1770 2552 suis
1810 2501 2128 2553 assecutus
2176 2503 2269 2555 est
2310 2504 2375 2557 et

306 2597 391 2658 de
450 2597 732 2670 victoriis
774 2599 1208 2659 testimonium
1265 2598 1518 2660 exhibet
1572 2597 2023 2680 Aristophanes
2082 2599 2147 2659 in
2224 2599 2370 2661 loco

294 2705 411 2765 illo
452 2705 802 2783 notissimo,
848 2705 957 2789 qui
997 2706 1230 2788 legitur
1268 2705 1335 2765 in
1379 2704 1722 2788 Equitibus
1767 2708 1904 2767 523.
1950 2726 2121 2788 sqq.;
2183 2715 2250 2766 at
2290 2706 2372 2768 de

296 2832 569 2872 numero
628 2811 1010 2889 fabularum,
1071 2810 1469 2894 quae-hodie
1513 2812 1595 2872 ad
1636 2820 1923 2872 nostrum
1963 2820 2222 2895 poetam
2264 2833 2371 2873 re-
2469 2817 2486 2827 “

296 2917 618 2994 feruntur,
685 2939 912 3000 magna
951 2917 1159 2978 oritur
1201 2899 1536 2979 difficultas
1581 2927 1646 2978 et
1689 2918 2024 2995 dubitatio,
2067 2918 2372 2999 quoniam

293 3022 361 3082 in
423 3021 624 3100 libris,
685 3023 794 3106 qui
850 3029 1212 3106 poetarum*
1241 3025 1642 3085 Graecorum
1706 3025 1948 3085 fabulas
2008 3033 2368 3100 recensent,

297 3132 566 3192 Cratino
605 3128 746 3214 plus
777 3153 967 3212 quam
1009 3129 1428 3213 quadraginta
1471 3140 1536 3190 et
1577 3154 1610 3189 a
1656 3132 1957 3209 Meursio,
1988 3130 2091 3214 qui
2134 3152 2246 3190 suo
2271 3130 2370 3190 iu-

291 3239 467 3300 dicio
512 3259 656 3298 usus
701 3257 834 3298 esse
874 3236 1149 3313 videtur,
1193 3236 1452 3319 triginta
1498 3236 1781 3320 quinque
1833 3237 2205 3299 comoediae
2248 3237 2368 3297 tri-

290 3348 612 3414 }›uuntur3
672 3344 937 3405 maxime
990 3364 1147 3403 vero
1205 3341 1530 3404 mirandus
1591 3353 1686 3404 est
1721 3343 2062 3420 HerteliuS,
2121 3344 2232 3427 qui
2272 3344 2369 3405 vi·-

291 3452 452 3537 ginti
497 3460 745 3512 tantum
787 3450 1044 3510 nomina
1084 3448 1447 3509 fabularum
1492 3459 1826 3510 enumerat
1861 3459 1933 3511 et
1973 3450 2068 3510 his
2108 3472 2388 3537 quoque?
2439 3533 2442 3536 Ι

288 3559 535 3641 spurias
577 3555 878 3639 quasdam
921 3556 1248 3617 immiscet.
1351 3556 1756 3637 Quamquam
1798 3554 1862 3614 in
1915 3555 2223 3616 eiusmodi
2267 3555 2367 3617 lo-

290 3664 407 3741 ciS,
447 3663 563 3750 qui
607 3683 944 3723 numerum
973 3671 1223 3723 certum
1259 3660 1545 3721 indicant
1586 3682 1716 3721 non
1751 3683 1899 3722 raro
1931 3662 2363 3746 corruptionis

287 3769 564 3852 suspicio
627 3766 801 3828 haud
843 3768 1160 3829 immerito
1203 3775 1517 3844 movetur,
1585 3766 1750 3827 hanc
1795 3766 2224 3829 diversitatem
2265 3777 2367 3842 ta-

281 3898 432 3938 men
478 3885 688 3936 ortam
732 3896 863 3936 esse
908 3874 1186 3935 existimo
1229 3882 1367 3933 tum
1411 3894 1482 3934 ex
1523 3883 1829 3956 corrupta
1869 3873 2036 3934 tituli
2077 3895 2362 3956 quarun-

284 3985 432 4045 dam
476 3982 842 4043 fabularnm
886 3982 1189 4055 lectione,
1235 3978 1406 4040 unde
1448 3981 1688 4040 factum
1735 3990 1847 4056 est,
1894 3990 1966 4041 ut
2005 3982 2219 4042 variae
2266 3982 2361 4043 le·-
2455 4012 2460 4018 *

278 4090 531 4153 ctioncs
569 4088 903 4152 titulorum
943 4108 1064 4174 pro
1105 4087 1304 4154 titulis
1349 4086 1739 4151 diversarum
1772 4087 2133 4171 fabularum
2161 4089 2361 4151 habe·
2425 4095 2450 4118 “
