3119 5087
1089 426 1207 449 ...-
1284 396 1588 520 ,ηχ-

313 594 515 671 certas
568 583 871 661 rationes,
926 582 1151 668 quibus
1189 584 1427 647 factum
1464 594 1584 663 est,
1627 594 1699 646 ut
1739 584 2361 651 Pericles'sumffnam

307 714 522 757 rerum
565 690 1040 753 Atheniensium
1081 700 1459 777 potestatem
1504 702 1968 777 assequeretur,
2014 693 2079 754 in
2112 692 2367 756 audito-

308 822 449 863 rum
495 799 717 861 animis
764 798 965 861 movit
1008 799 1109 860 vel
1150 799 1216 859 in
1257 799 1377 876 iis‚·
1405 821 1568 884 quae
1592 810 1955 883 temporum
1979 800 2212 862 iniuria
2243 822 2367 885 pe·-

307 909 574 985 rierunt‚
657 904 973 988 copiosius
1050 904 1351 967 indicavit
1425 917 1490 968 et
1568 907 1814 968 comice
1888 905 2364 971 demonstravit.

309 1011 477 1076 Haec
537 1024 752 1075 tamen
813 1014 1022 1075 animo
1083 1022 1330 1074 tantum
1381 1012 1716 1096 percipere
1778 1021 1843 1075 et
1884 1013 2190 1096 suspicari
2230 1035 2363 1075 non

310 1120 491 1182 certis
557 1121 936 1203 argumentis
1004 1138 1174 1180 nunc
1246 1116 1503 1201 quidem
1539 1132 1865 1201 possumus
1901 1118 2364 1183 demonstrares

463 1225 743 1288 Pericles
782 1224 957 1285 haud
997 1224 1374 1286 informosus
1415 1223 1644 1285 haberi
1682 1234 1940 1309 poterat
1984 1247 2057 1287 ex
2098 1235 2367 1288 senten-

309 1333 394 1394 tia
448 1343 759 1412 veterum,
818 1334 869 1395 si
909 1335 1198 1417 corporis
1244 1335 1522 1416 speciem
1559 1343 1950 1417 spectamuS,·
1998 1336 2204 1418 capite
2249 1358 2370 1397 au-

308 1451 434 1502 tem
489 1451 629 1502 erat
689 1440 963 1524 oblongo
1023 1451 1089 1503 et
1146 1440 1379 1502 ceteris
1432 1441 1722 1524 corporis
1782 1441 2069 1523 partibus
2132 1463 2365 1524 parum

307 1550 732 1631 respondente
789 1546 1134 1633 (προμήκης
1189 1540 1266 1632 ἦν
1316 1551 1430 1631 τὴν
1489 1550 1764 1636 κεφαλὴν
1802 1547 1912 1612 καὶ
1947 1543 2365 1634 ἀσύμμετρος.

307 1655 467 1723 Plut.
520 1656 753 1717 Pericl.
814 1678 871 1716 c.
934 1660 1042 1733 3.),
1090 1656 1275 1718 undo·
1299 1658 1540 1718 factum
1584 1667 1698 1732 est,
1742 1667 1836 1735 ut,
1877 1679 2027 1718 cum
2068 1657 2366 1720 videlicet

307 1761 656 1844 sculptores
694 1785 989 1846 magnum
1031 1763 1211 1824 illum
1247 1763 1456 1825 virum
1494 1763 1562 1824 in
1599 1762 2131 1847 singulariparte
2170 1764 2363 1847 paulo

311 1865 764 1930 deformiorem
806 1869 1083 1931 ludibrio
1123 1869 1363 1957 habere
1408 1869 1674 1947 nollent,
1716 1890 1934 1930 omnes
1961 1869 2093 1930 eius
2121 1879 2365 1933 statuae

306 1975 587 2057 galeatae
625 1976 1048 2041 inveniantur.
1116 1976 1360 2053 Quibus
1400 1997 1553 2037 vero
1593 1976 2033 2037 abstinuerunt
2056 1976 2364 2053 statuarii,

306 2080 399 2142 bis
444 2082 678 2144 comici
719 2091 948 2166 poetae
989 2082 1056 2143 in
1095 2083 1313 2169 primis
1357 2083 1649 2144 Cratinus
1700 2092 1765 2144 et
1802 2082 2063 2165 Eupolis
2109 2105 2185 2144 eo
2228 2104 2366 2151 sae-

305 2188 441 2271 pius
497 2190 620 2267 usi,
681 2190 1012 2252 materiam
1069 2189 1240 2251 nacti
1279 2199 1424 2252 sunt
1461 2189 1605 2250 satis
1648 2188 1907 2272 largam,
1964 2211 2087 2272 qua
2125 2189 2369 2271 princi-

304 2312 449 2377 pem
493 2296 566 2356 in
605 2314 677 2357 re
709 2297 967 2379 publica
992 2294 1473 2357 mordacissimis
1509 2295 1831 2355 sententiis
1852 2295 2363 2377 proscinderent.

219 2426 228 2439 ¹
305 2401 488 2487 Apud
542 2396 905 2464 Homerum⁸
932 2401 1212 2485 epitheto
1255 2410 1568 2484 perpetuo
1620 2398 2056 2485 νεφεληγερέτα
2096 2413 2369 2464 ornatur

305 2510 593 2595 Iuppiter
632 2504 731 2594 (ὃς
772 2510 887 2584 τᾶς
923 2505 1181 2594 νεφέλας
1221 2500 1469 2593 ἀγείρει)
1487 2533 1541 2588 3-
1576 2494 1958 2570 simillimum
2000 2517 2066 2572 et
2106 2510 2189 2572 ad
2233 2511 2370 2573 Ho-

304 2617 617 2678 mericum
656 2615 816 2676 illud
859 2615 1100 2676 comice
1133 2615 1373 2676 factum
1403 2625 1496 2677 est
1523 2636 1878 2698 cognomen
1913 2614 2369 2702 κεφαληγερέτα

305 2744 343 2783 a
386 2723 650 2783 Cratino
679 2711 963 2784 relatum
1009 2721 1091 2782 ad
1126 2721 1444 2785 Periclem
1484 2722 1714 2783 multos
1764 2722 1944 2806 quasi
1976 2701 2197 2806 gibbos
2212 2726 2270 2804 *)
2298 2726 2367 2789 in

305 2830 515 2913 capite
583 2849 696 2891 suo
757 2840 1270 2912 congregantem,
1321 2830 1428 2913 qui
1470 2838 1830 2916 praeterea,
1867 2838 1941 2890 ut
1980 2839 2116 2891 tota
2157 2831 2365 2915 imago

307 2936 386 2996 ad
447 2936 855 2997 Homericam
913 2936 1072 2997 Iovis
1134 2934 1627 3019 descriptionem
1681 2957 1942 3019 prorsus
2010 2938 2365 3015 accederet,

293 3036 637 3124 Ὀλύμπιος
677 3043 755 3103 ab
797 3042 1117 3125 Eupolide
1158 3041 1394 3119 (Schol.
1442 3041 1860 3127 adAristoph.
1896 3042 2168 3106 Acbarn.
2201 3050 2361 3127 529.)

303 3160 373 3210 et
414 3173 450 3209 a
498 3157 718 3209 nostro
761 3147 1053 3232 μέγιστος
1091 3144 1393 3232 τύραννος
1416 3157 1693 3210 ‘vocatus
1739 3158 1855 3228 est,
1899 3171 2046 3211 cum
2081 3150 2264 3214 nobis
2295 3151 2362 3211 in

302 3266 586 3317 mentem
630 3256 803 3317 venit
841 3256 999 3317 illud
1041 3249 1477 3317 Homericumz

397 3404 404 3411 ’
466 3421 554 3437 --·
591 3421 676 3436 ·--·
714 3371 801 3437 '--·
842 3386 958 3454 τοῦ
1001 3388 1120 3469 γὰρ
1164 3381 1388 3471 κράτος
1427 3380 1571 3447 ἐστὶ
1603 3365 1920 3466 μέγιὸτον.

304 3516 376 3579 11.
414 3518 482 3598 β.
530 3521 687 3594 ιι8.,
731 3540 774 3579 ι.
818 3520 940 3594 25„
980 3540 1052 3578 ω.
1094 3523 1232 3600 293.
1318 3516 1500 3606 Quae
1539 3513 1740 3576 verba
1780 3511 1831 3572 si
1864 3520 2222 3594 usurpasset
2253 3532 2364 3571 co-

303 3601 531 3700 micus,
607 3621 820 3707 lepide
889 3623 1183 3685 movisset
1251 3620 1331 3683 de
1388 3620 1651 3682 Periclis
1720 3618 1927 3701 capite
1985 3618 2363 3679 sententiam

301 3729 509 3793 hanc:
554 3732 729 3793 cuius
775 3740 971 3815 caput
1006 3728 1207 3814 (κρᾶς,
1251 3726 1424 3812 arog)
1471 3737 1566 3789 est
1606 3726 1961 3788 maximum·

442 3937 505 4012 *)
545 3917 893 3994 Vocabulum
942 3934 1143 4007 gibbus
1197 3931 1265 3987 de
1298 3945 1512 3986 tumore
1548 3949 1744 3984 carneo
1783 3930 1842 3983 in
1880 3924 2123 4001 qnalibet
2159 3944 2363 3997 corpo-

299 4033 378 4086 ris
424 4043 584 4103 parte
630 4031 885 4104 usurpari
931 4028 1097 4085 docet
1126 4028 1400 4086 Iuvenalis
1433 4023 1536 4082 VI.
1573 4039 1693 4096 τοι).
1762 4020 2011 4095 „Mediis
2043 4022 2104 4078 in
2138 4016 2361 4076 naribus

299 4127 501 4196 iugens
534 4121 749 4197 gibbus.
