3119 5087
1078 403 1615 471 —107—

472 581 772 666 προσθείς
801 578 971 672 αὗτῷ
995 585 1192 668 γραῦν
1227 581 1535 668 paetitiam,
1569 585 1684 649 τοῦ
1716 580 2021 668 κόρδακος
2060 579 2280 665 οὕνεχ’,
2325 580 2399 671 ἣν

479 686 811 772 Φρύνιχος·
836 688 1030 754 πάλαι
1070 690 1375 772 πεποίηχ’,
1424 687 1502 773 ἣν
1539 695 1611 754 τῦ
1659 692 1843 773 κῆτος
1881 682 2115 772 ἤσθιεν.
2160 713 2291 776 sqq.

310 795 761 881 Aristophanes
806 798 885 860 de
932 819 1042 858 sua
1084 793 1220 860 arte
1263 819 1651 881 magnopere
1715 796 2024 882 'gloriatur
2066 805 2130 858 et
2171 797 2396 879 Eupo-

313 896 447 981 lim‚'
483 926 629 965 cum
657 903 961 966 Maricam
996 915 1432 988 componeret,
1470 928 1540 968 ex
1574 904 1933 988 Equitihus,
1967 901 2183 965 fabula
2223 902 2426 983 cele-p

309 1000 848 1071 herrima‘omnia
892 1009 1047 1071 dicit
1091 1011 1387 1094 spoliasse
1439 1022 1505 1072 et
1547 1010 1629 1072 ad
1668 1009 2227 1094 perstringendum
2259 1009 2394 1091 Hy-

312 1115 652 1198 perbolum
711 1128 1064 1200 usurpasse.
1167 1118 1347 1180 Hanc
1408 1118 1704 1178 iniustam
1768 1117 2281 1179 criminationem
2323 1116 2388 1175 in

310 1222 523 1304 Baptis
568 1222 653 1284 ita
702 1245 738 1284 a
782 1244 848 1284 se
891 1233 1178 1286 removet
1222 1233 1437 1285 noster
1478 1233 1691 1306 poeta,
1743 1232 1813 1287 ut
1856 1224 2270 1301 demonstret,
2317 1244 2383 1286 se

314 1328 663 1392 confecisse
707 1328 1112 1413 Aristophani
1154 1329 1442 1412 Equites,
1487 1330 1770 1392 dicenst*

972 1437 1123 1510 τοῦς
1155 1430 1410 1510 Ἱππέας

483 1539 866 1622 συνεποιήσα
904 1541 992 1628 τῷ
1033 1543 1336 1629 φαλακρῷ
1379 1539 1577 1628 τούτῳ
1625 1535 2107 1629 κᾷδωρησᾶμην.

317 1643 535 1709 Schol.
581 1647 662 1708 ad
705 1647 1024 1732 Aristoph.
1068 1636 1228 1711 Nuh.
1280 1653 1417 1715 536.
1462 1650 1580 1734 Eq.
1619 1653 1794 1715 2288.
1829 1650 2042 1732 ibique
2075 1647 2389 1710 Herman—
2461 1658 2470 1673 ¹

315 1773 488 1812 num.
587 1752 850 1836 Eupolis
908 1755 973 1815 in
1013 1756 1258 1819 Marica
1298 1767 1567 1818 matrem
1618 1756 1969 1841 Hyperboli
2008 1755 2259 1816 videtur
2302 1753 2390 1814 ri·-

313 1861 484 1936 sisse,
524 1869 600 1922 ut
645 1882 715 1921 ex
758 1861 1036 1923 versibus
1081 1861 1275 1949 modo
1319 1862 1651 1945 adscriptis
1684 1873 1969 1947 apparet,
2011 1873 2077 1924 et
2104 1884 2175 1923 ex
2204 1860 2390 1922 scho-

312 1966 410 2026 liis
471 1965 552 2027 ad
602 1965 860 2027 Plutum
917 1989 977 2028 v.
1042 1970 1216 2033 1038.
1240 2013 1260 2045 ,
1320 1969 1429 2030 ubi
1494 1971 1869 2031 conferatur
1928 1966 2385 2030 Hemsterhusii

317 2073 698 2136 observatio.
780 2075 1020 2136 Docuit
1058 2075 1319 2158 Eupolis
1361 2075 1666 2137 Maricam
1706 2076 1969 2138 hiennio
2018 2085 2162 2158 post
2209 2074 2389 2157 prio-

319 2199 421 2240 res
481 2180 714 2256 Nuba,
770 2179 903 2240 scil.
954 2190 1100 2263 post
1140 2181 1391 2244 Cleonis
1432 2193 1709 2244 mortem
1760 2183 1862 2243 Ol.
1907 2182 2259 2243 LXXXlX.
2304 2185 2389 2254 3.,

316 2284 640 2348 Archonte
685 2286 940 2349 Alcaeo.
986 2287 1081 2347 Cf.
1124 2287 1293 2349 Sam.
1334 2288 1523 2351 Petit.
1577 2289 1841 2353 Miscell.
1872 2291 1916 2350 Ι.
1945 2311 1998 2353 c.
2032 2294 2092 2354 6.
2125 2289 2386 2349 Kuster.

315 2415 382 2475 p.
422 2397 523 2458 55.
684 2468 687 2471 ¹

479 2498 1044 2562 Hominesmolles
1086 2498 1475 2585 militiaeque
1520 2501 1605 2563 ob
1656 2500 1923 2572 nimium
1954 2498 2070 2562 otii
2111 2496 2392 2561 studium

318 2615 383 2667 et
437 2605 876 2668 meticulosum
935 2605 1256 2690 ingenium
1318 2608 1567 2691 ineptos
1627 2608 1992 2691 perstrinxit
2046 2608 2110 2667 in
2149 2606 2389 2683 sabula,

318 2734 483 2796 quae
528 2712 765 2796 duplici
810 2708 1021 2776 in'dice
1063 2710 1491 2798 Ἀςτράτευτοι
1549 2714 1679 2776 sive
1713 2708 2119 2796 Ἀνὸρόγυνοι
2162 2714 2390 2774 inscri-

315 2821 494 2882 bitur
535 2819 734 2897 (Suid.
781 2844 837 2881 v.
892 2810 1215 2901 Εὔπολις),
1260 2823 1423 2882 sicut
1462 2822 1526 2882 in
1571 2807 1719 2899 alia.
1770 2818 2115 2902 Ταξιῖιρχοι
2161 2821 2387 2881 inscri-

317 2935 451 3009 pta,
480 2927 753 2988 militnm
788 2928 939 2989 vitia
987 2929 1228 2989 notavit
1271 2938 1335 2989 et
1381 2929 1477 2990 rei
1515 2927 1802 2989 militaris
1843 2927 2014 3010 apud
2042 2927 2392 2988 Athenien-

319 3054 416 3095 ses
464 3043 693 3097 statum
734 3056 847 3096 suo
893 3045 1185 3118 tempore
1228 3045 1605 3117 corruptum
1638 3043 1703 3096 et
1738 3032 2131 3094 dissolutum.
2199 3035 2429 3099 Pros··.

323 3140 552 3223 paltios
609 3141 807 3202 veluti
846 3140 1238 3215 ὃικαστικοῦς
1300 3140 1578 3203 traduxit
1615 3139 1787 3201 haud
1832 3140 2023 3201 dubie
2068 3142 2131 3201 in
2177 3142 2396 3203 sabula

323 3245 608 3309 eiusdem
645 3247 817 3308 tituli
867 3249 970 3325 (cf.
1014 3250 1103 3308 Io.
1145 3247 1410 3309 Meursii
1454 3247 1532 3309 de
1582 3247 1834 3332 populis
1878 3248 2100 3311 Atticis
2146 3247 2390 3309 dissert.

325 3353 391 3413 in
453 3353 763 3415 Gronovii
815 3353 1014 3415 Thes.
1062 3353 1394 3436 Antiquitt.
1467 3354 1694 3417 Graec.
1761 3355 1835 3415 Τ.
1901 3354 2006 3416 IV.
2065 3378 2127 3438 p.
2196 3359 2400 3436 783.);

324 3459 553 3520 fabulis
622 3469 914 3522 veterum
974 3459 1369 3521 comicorum
1436 3460 1793 3543 saepissime
1838 3460 2079 3522 indices
2127 3461 2401 3522 desumti

305 3572 471 3627 sunt
531 3566 611 3628 ab
661 3565 881 3628 Atticis
939 3566 1190 3650 populis
1256 3567 1650 3647 (Hemsterh.
1721 3566 1803 3628 ad
1853 3567 2168 3650 Aristoph.
2227 3570 2394 3630 Plut.

320 3697 386 3756 p.
446 3694 545 3756 47.
602 3676 701 3735 De
759 3695 911 3735 vera
973 3674 1384 3759 inscriptione
1440 3674 1585 3737 vide
1648 3674 2002 3739 Casaubon.
2047 3673 2127 3738 ad
2169 3674 2395 3737 Athen.
2497 3679 2504 3687 '

319 3779 460 3841 V11.
504 3803 568 3862 p.
615 3784 754 3845 326.
814 3783 934 3858 A.).
2355 3861 2366 3870 .

486 3886 818 3948 Socratem
876 3908 1005 3971 quo
1067 3886 1270 3948 rarius
1335 3906 1413 3949 eo
1478 3886 1912 3949 vehementius
1970 3897 2184 3949 tamen
2251 3911 2401 3972 pcr-

324 3992 569 4054 strinxit
610 3992 677 4053 in
726 4013 913 4055 scena
954 3993 1235 4076 Eupolis,
1281 3993 1368 4053 ita
1417 4002 1491 4054 ut
1515 3992 1866 4055 Scholiasta
1913 3993 1995 4062 ad
2029 3995 2403 4079 Aristopha-

324 4102 421 4162 nis
464 4102 677 4165 Nubes
717 4100 922 4168 dicat:
955 4097 1166 4171 ἔπειτα
1202 4091 1480 4178 ,Εὔπολις
1518 4101 1576 4167 εἰ
1607 4099 1713 4169 καί
1742 4095 1820 4167 δι’
1855 4096 2405 4188 ὄλι3’ωμέ,ιινὰσ3η
