3119 5087
1521 360 2007 435 ...94-

724 550 958 626 labem,
1013 571 1136 633 qua
1175 548 1349 611 tertii
1382 570 1596 622 versus
1624 560 1908 643 metrum,
1926 550 2194 626 laborat,
2224 547 2579 625 eluendam,
2607 549 2789 609 multi

723 657 1106 739 interpretes
1142 678 1407 723 „manum
1471 657 1831 719 auxiliarem
1872 657 2222 719 attulerunt
2285 657 2396 736 (cf.
2443 658 2707 740 interpr.
2753 679 2791 716 a

724 764 1053 849 Wytteub.
1119 762 1402 824 laudatos
1460 773 1525 824 et
1588 765 1788 825 Wasii
1856 765 2190 826 Senarium
2237 765 2362 825 sive
2410 764 2488 825 de
2533 762 2792 832 licentia

725 881 876 933 vett.
939 880 1185 954 poetar.
1252 893 1313 952 p.
1360 873 1567 951 240.);
1622 871 2148 955 wyttenbachius
2198 871 2279 932 ad
2318 872 2359 935 l.
2403 893 2457 932 c.
2507 871 2788 931 omnium

724 978 1103 1040 dexterrime
1151 978 1364 1038 locum
1402 977 1788 1054 emendavit,
1835 987 1907 1038 ut
1949 978 2244 1062 equidem
2290 999 2434 1038 eum
2464 977 2785 1060 adscripsi,

722 1107 853 1144 non
917 1084 1174 1166 quidem
1236 1105 1305 1144 ex
1369 1105 1547 1147 mera
1615 1083 2003 1161 coniectura,
2055 1107 2245 1166 quam
2283 1085 2493 1168 potius
2540 1106 2575 1144 e
2617 1084 2788 1144 The-

722 1191 934 1251 mistio
978 1194 1173 1269 (orat.
1219 1191 1480 1251 XXVII.
1523 1212 1587 1271 p.
1634 1197 1771 1273 339.
1815 1184 1936 1268 C),
1981 1191 2088 1273 qui
2123 1200 2411 1251 nostrum
2446 1191 2660 1252 locum
2688 1210 2789 1252 ex·-

722 1297 947 1359 hibens
1008 1296 1228 1357 scribit
1288 1288 1403 1358 οὖκ
1469 1292 1689 1359 ἐκδέκα
1756 1307 1902 1376 eet..
1947 1307 2012 1358 et
2055 1297 2295 1358 Isidoro
2339 1297 2652 1359 Pelusiata
2695 1301 2784 1376 (L.

720 1404 833 1467 JV.
896 1405 1075 1487 epist.
1124 1404 1325 1465 ¹CCV.
1382 1428 1447 1487 p.
1516 1414 1675 1481 102.)
1723 1404 1906 1464 simili
1952 1403 2143 1464 modo
2174 1405 2506 1466 'scribente
2543 1399 2624 1479 ’ὃς
2668 1399 2788 1467 ἆπό

727 1509 875 1574 δέκα
912 1510 1121 1573 ποδῶν
1165 1520 1284 1572 cet.
1387 1509 1596 1594 Vulgo
1642 1511 1809 1571 enim
1852 1512 2181 1594 legebatur
2222 1506 2551 1574 ἑκκαίδεκα*
2584 1512 2795 1576 ποδῶν

727 1629 850 1679 cet.
898 1617 1158 1679 omnino
1203 1626 1427 1678 eontra
1463 1618 1653 1678 metri
1694 1618 2029 1679 rationem.
2107 1621 2411 1681 ·Mentem
2463 1620 2790 1703 Eupolidis

727 1725 968 1807 optime
1021 1723 1324 1784 indicavit
1380 1724 1479 1784 vir
1535 1725 1759 1785 doctus
1800 1725 1896 1784 his
1946 1725 2190 1786 verbis:
2256 1727 2519 1786 Pericles
2560 1749 2694 1790 cum
2732 1729 2797 1786 in

726 1833 1072 1893 concionem
1126 1832 1430 1912 prodiret,
1490 1844 1556 1890 ut
1598 1832 1871 1910 egregius
1909 1852 2142 1906 cursor,
2186 1854 2555 1915 quamquam
2595 1835 2798 1893 decem

720 1943 947 2025 pedum
989 1939 1304 1999 intervallo
1340 1951 1481 2022 post
1523 1960 1662 1998 suos
1704 1939 2094 1999 adversarios
2138 1961 2374 2001 cursum
2414 1943 2570 2016 iniit,
2596 1953 2801 1999 tamen

728 2071 829 2109 eos
885 2049 1261 2131 consequitur
1319 2068 1396 2106 ac
1449 2048 1759 2128 pervertit,
1803 2049 1898 2107 ita
1938 2047 2195 2130 reliquos
2236 2060 2518 2107 oratores
2558 2045 2806 2106 dicendi

724 2157 911 2237 copia
973 2154 1109 2214 vicit
1167 2173 1245 2212 ac
1305 2165 1445 2234 post
1500 2174 1562 2211 se
1625 2151 1885 2235 reliquit.
1970 2152 2068 2212 De
2113 2152 2588 2233 comparatione
2631 2153 2799 2213 inter

731 2282 1061 2322 cursorem
1108 2262 1193 2320 et'
1221 2257 1871 2320 oratoremoinstituta
1909 2258 2165 2319 memini
2195 2257 2547 2340 exemplum
2585 2258 2798 2341 legere

734 2368 906 2453 apud.
945 2366 1433 2449 Aristophanem
1480 2365 1663 2442 (Nub.
1710 2367 1899 2444 428),
1942 2363 2116 2446 quod
2158 2363 2240 2424 ad
2273 2373 2560 2426 nostrum
2584 2364 2797 2425 locum

730 2477 934 2562 probe
979 2473 1458 2558 intelligendum
1476 2538 1483 2543 ‚
1502 2471 1772 2532 multum
1816 2472 2099 2532 confert:

774 2588 1010 2668 Στρεψ.
1057 2573 1142 2645 Ὦ
1193 2578 1533 2657 δέσποιναι,
1592 2577 1814 2658 δέομαι
1869 2602 1969 2642 τοι
2027 2578 2140 2642 νῦν
2192 2574 2373 2658 ὗμῶν
2429 2574 2609 2640 τουτί
2644 2555 2832 2639 πάνσ

2029 2677 2279 2768 μικρῦν,

1059 2797 1184 2864 τῶν,
1230 2792 1548 2876 Ἑλλήνων
1612 2785 1778 2856 εἶναι’
1825 2816 1902 2873 με
1945 2788 2141 2874 λέγειν
2199 2787 2420 2855 ἑκατὸν
2464 2788 2808 2854 σταδίοισιν

2030 2891 2308 2984 ἄριστον.

737 3017 951 3078 Simile
1000 3015 1350 3096 exemplum
1393 3013 1623 3096 legitur
1664 3013 1729 3071 in
1771 3010 1958 3071 Ranis
2002 3032 2104 3093 90·
2145 3004 2389 3091 Synesii
2442 3003 2619 3086 epist.
2672 3007 2806 3080 134.

734 3160 817 3171 -—
860 3126 1182 3183 Summam
1237 3122 1404 3182 hanc
1474 3118 1726 3181 dicendi
1790 3117 2157 3178 facultatem
2217 3112 2508 3174 Cratinus
2556 3129 2810 3193 quoque

734 3233 799 3291 in
840 3230 1089 3290 Pericle
1136 3226 1396 3301 notavit,
1443 3225 1554 3286 sed
1603 3224 1852 3298 fortius,
1897 3231 1971 3282 ut
2012 3219 2192 3296 solet,
2236 3231 2380 3278 rem
2427 3215 2760 3298 expressit:

915 3332 1001 3397 Τι’
1035 3324 1166 3410 οὖν,
1210 3323 1264 3393 ὦ
1310 3336 1389 3395 σὺ
1431 3329 1691 3415 μεγίστη
1730 3329 1975 3412 γλῶττα
2012 3326 2138 3389 τῶν
2169 3320 2650 3405 (Ελληνιδωνω

708 3520 713 3524 .
741 3443 835 3501 Cf.
865 3439 1119 3501 Aristid.
1149 3440 1307 3522 πρὸς
1333 3434 1650 3501 Πλάτωνά
1678 3432 1863 3518 λόγος
1887 3431 1969 3498 δ’.
2006 3434 2193 3511 Phot.
2233 3431 2532 3493 Biblioth.
2570 3448 2710 3508 με.
2743 3431 2809 3489 h.

739 3552 839 3611 25.
889 3537 987 3608 edL
1041 3548 1151 3606 lm.
1196 3545 1459 3608 Bekker.
1500 3543 1654 3605 ibid.
1697 3561 1838 3622 424.
1884 3565 1939 3601 a.
1987 3560 2085 3605 21.
2128 3527 2380 3601 A'ristid.
2427 3540 2502 3599 T.
2556 3539 2632 3599 II.
2659 3560 2720 3620 p.
2747 3560 2805 3619 9.

742 3654 880 3732 (ed.
948 3655 1202 3715 Canter.
1263 3653 1340 3713 T.
1397 3652 1504 3711 III.
1564 3673 1626 3733 p.
1680 3654 1801 3726 33.)
1874 3657 1941 3708 et
1977 3648 2054 3708 T.
2101 3648 2178 3707 11.
2220 3668 2285 3729 p.
2344 3664 2479 3728 129.
2524 3645 2809 3725 (Canter.

741 3761 848 3825 ΙΙΙ.
891 3762 1087 3839 214.).

908 3868 1070 3927 Cum
1135 3864 1418 3925 nondum
1475 3862 1623 3923 satis
1689 3869 1983 3922 accurate
2026 3858 2093 3919 in
2141 3858 2526 3941 singularum
2566 3855 2817 3918 fabula-
2923 3907 2938 3924 „

743 3995 890 4036 rum
951 3973 1282 4056 Eupolidis
1346 3977 1716 4054 argumenta
1759 3965 2207 4049 investigarim,
2251 3962 2441 4027 liceat
2480 3973 2693 4024 tamen
2741 3961 2825 4022 de

710 4081 1053 4158 ⁴nonnullis
1096 4080 1376 4157 tradere,
1404 4074 1732 4162 ‘quidquid
1760 4084 1935 4138 certe
1970 4072 2107 4136 erui
2136 4081 2408 4156 poterat.
2496 4067 2817 4154 Eupolide
