3119 5087
1532 381 2016 454 ...75-

735 567 878 629 labe
918 565 1235 644 laborare,
1281 523 1771 632 Valckenarium
1818 570 1899 629 ad
1945 569 2181 631 Herod.
2228 567 2365 632 VII.
2417 574 2549 637 135.
2594 569 2791 634 secuti
2897 575 2903 580 ’
3010 560 3030 646 ‚l

731 672 1112 757 particulam
1146 697 1215 757 γε
1255 675 1729 759 suppleverunt.
1815 677 2244 754 CasaubonuS,
2286 680 2567 760 quamvis
2602 680 2791 763 paulo

733 781 1032 842 audacius
1074 781 1380 843 recedens
1425 806 1461 844 a
1501 782 1816 845 librorum
1858 785 2256 860 auctoritate,
2301 785 2618 849 subtiliter
2640 790 2796 848 con-

730 890 884 951 iecit
939 888 1170 970 α’νὸρός
1228 889 1637 951 inserendum
1695 912 1826 952 esse
1870 899 2015 972 post
2053 892 2284 964 παντὸς
2329 893 2679 954 secundum
2719 893 2796 953 il-

733 996 846 1057 lud
906 996 1354 1079 proverbiumt
1420 990 1512 1059 Οὖ
1557 998 1802 1070 παντὸς·
1830 991 2057 1080 ἀνδρὸς
2085 997 2166 1082 ,ἐς
2206 986 2531 1080 Κόρινθῖον
2574 998 2718 1067 ἐσθ’
2757 994 2790 1060 ὅ

730 1103 952 1177 πλοῦς.
1043 1100 1328 1185 Recepta
1390 1113 1484 1163 est
1546 1103 1707 1164 haec
1767 1104 2126 1165 emendatio
2183 1105 2261 1165 ab
2319 1106 2479 1190 Hug.
2538 1107 2790 1180 Groti0,

731 1232 939 1293 neque
999 1209 1155 1270 mibi
1215 1209 1525 1292 displicet,
1587 1211 1734 1292 quia
1794 1231 1871 1271 eo
1925 1186 2168 1271 facilius
2210 1212 2497 1272 excidere
2538 1218 2793 1294 poterat

730 1316 1113 1376 vocabulum
1139 1309 1386 1399 ἀνδρὸς,
1431 1316 1845 1400 ςαοκείπιὶΙίιιε
1880 1327 1974 1407 est
2002 1317 2063 1376 in
2090 1318 2621 1399 pronunciatione
2650 1339 2792 1378 cum

730 1422 1139 1506 praecedenti
1186 1425 1451 1497 παντὸς.
1563 1422 1861 1500 GlaucuS,
1922 1444 2068 1489 cum
2110 1445 2420 1509 nusquam
2463 1426 2791 1488 Cratinum

733 1540 1064 1592 auctorem
1103 1529 1357 1607 habeat,
1403 1541 1691 1614 suspecta
1730 1529 2068 1591 videbatur
2105 1530 2254 1591 viris
2299 1530 2500 1593 doctis
2527 1534 2791 1595 maxime
2901 1575 2908 1579 >

733 1637 1132 1714 Casaubono,
1177 1637 1289 1718 qui
1336 1645 1781 1720 argumentum
1807 1634 1963 1695 illud
1983 1636 2349 1720 tragoediae
2372 1639 2565 1722 magis
2604 1662 2789 1723 quam

657 1746 662 1753 ’
728 1742 1100 1813 comoediae
1143 1741 1447 1827 idoneum
1489 1741 1681 1804 duxit.
1743 1741 1881 1802 Hoc
1920 1752 2133 1803 tamen
2174 1764 2305 1804 non
2334 1744 2617 1822 dixerim,
2645 1766 2788 1805 cum

727 1849 915 1911 huius
955 1848 1381 1931 inscriptionis
1423 1847 1639 1909 fabula
1682 1848 2113 1932 aliisquoque
2155 1851 2360 1932 poetis
2404 1852 2660 1912 comicis
2707 1852 2789 1911 si·-

730 1965 842 2016 cut
894 1954 1298 2038 Aristophani
1364 1955 1547 2032 (Poll.
1594 1955 1699 2015 111.
1744 1958 1893 2034 43.),
1933 1956 2228 2018 Anaxilae
2271 1956 2453 2035 (Poll.
2494 1958 2601 2018 IX.
2638 1962 2785 2040 29.)‚

727 2060 984 2123 Euhulo
1046 2060 1448 2144 (Harpocrat.
1505 2061 1926 2144 Χρυσοχοεῖν.
1981 2061 2144 2128 Pon.
2201 2063 2312 2128 VI.
2375 2066 2497 2146 67.)
2554 2062 2786 2124 diserte

727 2169 1068 2229 tribuatur.
1152 2167 1262 2228 His
1304 2168 1595 2228 omnihus
1640 2189 1770 2229 non
1796 2167 2169 2253 indigemus,
2197 2171 2499 2253 quoniam
2533 2170 2787 2253 quidam

729 2272 934 2343 Codd.
977 2272 1154 2335 MSS.
1198 2272 1538 2336 lectionem
1585 2273 1874 2339 Γλαῦκον
1916 2276 2229 2354 exhibent,
2260 2277 2348 2337 ita
2392 2286 2465 2338 ut
2506 2276 2585 2338 de
2613 2277 2787 2360 pisce

675 2381 912 2444 'huius
971 2378 1241 2440 nominis
1304 2378 1406 2457 (de
1470 2401 1598 2464 quo
1665 2381 2023 2442 Athenaeus
2083 2384 2188 2443 ΙΙΙ.
2232 2406 2296 2466 p.
2354 2403 2492 2459 107.
2540 2382 2609 2443 C.
2652 2383 2785 2446 VII.

727 2494 867 2571 293.
912 2487 985 2547 B.
1027 2485 1384 2547 accuratius
1433 2486 1581 2570 agit)
1615 2484 1721 2547 hic
1746 2508 1964 2549 versus
1991 2488 2255 2572 intelligi
2284 2489 2530 2551 debeat.
2575 2491 2785 2574 Agno-

726 2595 957 2655 scimus
1017 2592 1212 2674 igitur
1271 2613 1526 2655 versum
1589 2577 1856 2655 ‘Cratini‘
1894 2596 1972 2658 de
2029 2597 2253 2680 glauco
2309 2599 2506 2682 pisce,
2562 2599 2785 2660 omissa

726 2699 1002 2784 fabulae,
1047 2721 1117 2760 ex
1161 2721 1285 2783 qua
1326 2709 1564 2760 sumtus
1609 2710 1724 2778 est,
1767 2701 2202 2786 inscriptione,
2256 2705 2536 2766 fabulam
2578 2706 2639 2768 Γ
2636 2704 2786 2766 λαῦ..

726 2830 836 2881 κος
889 2805 1258 2893 inscriptam
1316 2803 1717 2889 denegamus.
1817 2808 2202 2893 Interpretes
2267 2810 2347 2873 ad
2390 2811 2784 2872 Athenaeum

727 2935 979 2976 versum
1017 2912 1144 2974 hoc
1194 2911 1390 2973 modo
1431 2912 1854 2997 scripserunt:

1696 3051 1780 3067 --
1816 3056 1902 3071 -—·
1946 3018 2235 3084 Γλαῦκον

1051 3117 1145 3189 Οὔ
1186 3128 1346 3207 πρὸς
1386 3118 1619 3200 παντός
1657 3123 1829 3190 ἐστιν
1866 3119 2134 3209 ἀρτῦσαι
2176 3125 2403 3201 καλῶς.

728 3229 1060 3293 Claudicat
1101 3231 1238 3293 finis
1279 3232 1510 3316 prioris
1556 3254 1791 3296 versuS.
1872 3234 2227 3295 Casauhoni
2275 3233 2783 3295 emendationem

723 3340 1037 3423 recipiens
1096 3360 1243 3400 cum
1301 3340 1591 3400 Porseno
1647 3339 1908 3401 Advers.
1954 3343 2052 3403 58.
2073 3360 2344 3403 ‘versum
2390 3329 2814 3403 trochaicum*

724 3455 1168 3508 tetrametrum
1209 3445 1652 3507 catalecticum
1702 3446 2000 3508 exhibeo:

805 3553 1097 3617 Γλαῦκον
1146 3545 1221 3614 οὗ
1266 3554 1425 3636 πρῢς
1465 3553 1696 3626 παντὸς
1737 3546 1964 3637 ἆνᾷρός
2004 3551 2175 3615 ἔστιν
2202 3537 2470 3636 dotium
2505 3552 2733 3627 καλῶς.

875 3653 1296 3740 Ἔπιλὴσμων.
1376 3660 1565 3743 Apud
1604 3658 2020 3722 Scholiastam
2061 3659 2142 3719 ad
2179 3660 2614 3743 Aristophanis
2659 3662 2709 3719 N
2716 3682 2785 3718 u·—

688 3767 834 3827 ·bes
886 3770 1023 3848 788.
1067 3763 1508 3850 legebatursin
1548 3766 1808 3828 Aldina:
1868 3760 2393 3847 ἐπιλησμότατον]
2438 3762 2566 3828 ἔδει
2604 3765 2789 3828 εἰπεῖν

723 3869 1349 3951 ἐπιλησμονέστατον·
1396 3866 1436 3953 ἦ
1480 3869 1642 3947 λέξις
1686 3870 1755 3934 δὲ
1793 3865 2125 3953 ἐπιλήσμη·
2167 3869 2330 3955 φησί
2368 3869 2437 3934 δὲ
2477 3873 2789 3953 Κρατῖνος

714 3971 1144 4058 Ἐπιλήσμονι.
1238 3977 1425 4061 Apud
1491 3977 1752 4037 Suidam
1797 3999 1854 4038 v.
1898 3972 2397 4062 ἐπιῇησμότατον
2450 3978 2782 4039 scribitur:

726 4074 974 4161 Ἀλεξις
1016 4081 1085 4149 δὲ
1126 4080 1460 4169 ἐπιλήσμη.
1544 4084 1862 4166 Κρατῖνος
1904 4080 2393 4174 ἐπιλησμρσύνη,
2420 4082 2596 4168 quod
2627 4075 2796 4145 Her-³

1652 4282 1661 4312 l
2344 4277 2377 4306 N
