3119 5087
1125 387 1429 456 -.--·25·
1527 414 1613 435 ·-·

336 567 496 629 sium
541 566 938 631 comoediam
979 569 1054 633 in·
1087 569 1451 635 universum
1502 570 1732 633 imitati·
1777 569 1976 652 (Hor.·
2013 570 2143 635 Sat.
2173 575 2219 635 Ι.
2258 593 2318 654 4,
2346 580 2408 639 6.

332 677 547 740 Varro
583 675 684 739 ‘de
724 697 798 737 re
839 685 1018 743 rust..
1058 676 1164 737 ΙΙΙ.
1207 696 1266 743 2·
1315 701 1372 759 7.
1418 678 1592 739 Pers,
1635 677 1890 738 ’SatsL'
1919 683 2106 756 na),
2178 679 2411 745 diversi

336 781 586 846 diverso
628 794 866 846 'atamen
909 781 1104 844 modo
1148 798 1318 844 nnnc
1372 772 1889 845 seve1·iori‹nunc
1931 786 2122 867 paulo
2166 788 2410 853 mitiori

331 911 516 951 suum
571 912 796 953 aevum
862 889 1292 959 diiudicat-unt
1312 934 1333 967 ,
1406 889 1529 951 hae
1605 890 1766 971 duae
1826 891 2102 953 rationes
2148 895 2426 956 omnino—

341 1017 472 1056 non
532 1006 679 1057 sunt
719 996 1155 1080 negligendae,
1218 996 1271 1057 si
1341 1018 1859 1081 unumquemque
1905 997 1986 1059 ad
2033 999 2268 1063 iustum
2308 1001 2410 1063 iu-

334 1102 575 1164 dicium
624 1124 932 1166 revocare
979 1104 1212 1168 studes·

495 1212 626 1273 Iam
667 1231 797 1272 non
843 1212 1195 1277 verendum
1232 1212 1507 1291 videtur,
1550 1234 1633 1275 ne
1676 1212 1897 1297 aliquis
1927 1212 2422 1279 Atheniensiunr

331 1318 651 1381 civitatem
717 1318 959 1379 Cratini
1010 1320 1402 1403 temporibus
1470 1320 1537 1381 in
1595 1318 1928 1381 deterioris
1973 1318 2408 1384 democratiae

329 1435 563 1487 statum
630 1426 977 1504 redactam,
1036 1426 1481 1510 pessimorum,
1511 1425 1845 1487 hominum
1901 1424 2151 1510 flagitiis
2220 1428 2406 1489 labo-

327 1543 597 1612 rantem,
660 1533 922 1594 internis
978 1533 1142 1594 vitiis
1216 1533 1732 1610 contaminatam,
1801 1555 1839 1592 a
1906 1543 2084 1594 recta
2128 1535 2442 1616 ratione,-

327 1660 520 1723 quam
561 1642 737 1723 sequi
790 1640 1067 1702 debebat
1094 1650 1433 1724 perpetuo,
1463 1649 1825 1701 contortam
1857 1649 2045 1722 atque
2079 1641 2402 1720 deflexam,

325 1748 407 1810 ad
452 1750 662 1810 lahem
711 1759 776 1810 et
816 1749 1066 1809 ruinam
1101 1750 1239 1811 fere
1287 1747 1602 1811 deiectam
1642 1751 1832 1810 fuisse
1865 1761 2072 1834 neget.
2140 1752 2401 1826 Quaero

322 1865 705 1938 praeterea,
731 1877 813 1915 an
856 1877 985 1919 non
1017 1865 1310 1918 veterum
1350 1856 1725 1917 testimoniis
1769 1857 1914 1917 satis
1957 1828 2404 1920 confirmatuin
2462 1899 2470 1907 ·

322 1965 423 2041 sit,
486 1961 818 2023 Cratinum
888 1961 1130 2023 maiore
1198 1961 1654 2045 indignatione,
1727 1984 1807 2053 ac
1865 1963 2098 2048 reliqui
2159 1985 2400 2039 omneS,

318 2070 487 2133 hanc
533 2058 870 2153 pessimam
929 2067 1028 2129 rei
1067 2067 1365 2151 publicae
1409 2063 1844 2130 conditionem
1887 2070 2174 2147 sensisse,
2215 2091 2401 2129 asum-

318 2196 584 2259 mosque
646 2174 814 2235 viros
863 2173 1103 2234 nudato
1153 2173 1362 2256 gladio
1408 2166 1765 2256 aggressum
1812 2184 2161 2259 prostrasse
2209 2184 2400 2257 atque

316 2281 514 2343 vitam
596 2279 1126 2363 impudicissimis
1158 2280 1588 2362 voluptatibus
1663 2279 2055 2362 inquinatam
2113 2282 2398 2342 versibus

318 2389 455 2447 suis·
488 2386 804 2483 puni‘xglisse
848 2396 914 2447 et
955 2385 1213 2469 quidem
1260 2406 1335 2446 eo
1383 2385 1623 2445 maiore
1654 2386 1728 2465 vi,
1762 2407 1836 2445 ac
1858 2384 2099 2469 vigore,
2133 2409 2259 2470 quo
2285 2409 2402 2448 ve-

315 2493 671 2557 hementius
715 2496 848 2579 ipse
890 2505 1084 2579 poeta
1125 2503 1355 2556 natura
1395 2494 1508 2554 sua
1552 2492 1823 2580 viluerit
1868 2503 1933 2555 et
1973 2495 2201 2555 mentis
2244 2495 2399 2584 viri-

313 2604 434 2663 bus
482 2603 805 2679 excitatus,
849 2603 1026 2687 quasi
1072 2602 1284 2663 divino
1327 2601 1606 2686 quodam
1632 2601 1859 2685 spiritu
1895 2601 2145 2664 inflatus
2178 2604 2393 2684 fuerit.

318 2713 501 2788 Quae
564 2732 712 2771 cum
770 2711 860 2771 ita
911 2710 1057 2786 sint,
1120 2730 1336 2769 sanam
1393 2718 1677 2769 mentem
1733 2717 1964 2791 poetae
2010 2719 2074 2770 et
2116 2710 2398 2776 animum

316 2818 657 2902 integ-rum,
696 2840 1077 2901 quamquam
1112 2815 1200 2877 ad
1218 2816 1607 2899 pravitatem
1644 2814 2071 2899 castigandam
2093 2836 2394 2902 pronum,

314 2944 628 3008 ponamus
675 2946 930 2986 necesse
978 2933 1091 2984 est.
1392 2991 1396 2998 ,

477 3032 773 3114 Digressa
835 3040 926 3091 est
981 3028 1288 3113 paulatim
1348 3024 1566 3090 nosstra
1626 3026 1989 3111 disputatiO,
2032 3038 2104 3089 ut
2147 3028 2396 3091 irritam

312 3137 729 3200 redderemus
771 3137 1118 3198 multorum
1148 3135 1542 3196 sententiam
1586 3134 1665 3200 de
1708 3146 1928 3196 nostro
1972 3146 2164 3218 poeta
2200 3137 2393 3221 paulo

315 3245 594 3307 severius
634 3243 970 3327 prolatam.
1056 3241 1426 3306 Temerarie
1474 3262 1627 3302 vero
1676 3251 1741 3303 et
1781 3262 1930 3302 sane
1961 3242 2176 3329 inepte
2216 3265 2395 3333 com-=

311 3352 607 3436 positumg
655 3360 748 3412 est
813 3351 1198 3433 epigramma
1267 3349 1335 3408 in
1402 3347 1649 3408 Cratini
1695 3348 2069 3410 foeditatem
2128 3361 2393 3414 auctore

311 3461 395 3521 D.
441 3459 558 3523 Ios.
600 3456 909 3517 Barberio
953 3456 1019 3515 in
1064 3457 1196 3517 eius
1248 3455 1786 3548 commentatione
1829 3457 1928 3517 De
1956 3456 2210 3518 miseria
2232 3480 2395 3540 poe—‚

304 3574 544 3644 tarum,
586 3562 681 3623 cf.
733 3561 1042 3624 Gronovii
1078 3562 1266 3625 Thes.
1306 3562 1625 3646 antiquitt.
1663 3562 1891 3624 Graec.
1930 3564 2008 3623 T.
2041 3564 2123 3623 X.
2144 3586 2209 3646 p.
2250 3568 2391 3631 836.

312 3772 604 3854 Luxuria
639 3755 733 3834 eit
776 3772 1114 3835 coniuncta
1147 3773 1353 3857 gulae,
1403 3783 1494 3835 est
1535 3781 1670 3834 sata
1711 3782 1775 3835 et
1806 3783 2079 3858 utraque
2110 3775 2389 3856 Baccho,

476 3880 562 3939 Et
602 3878 1095 3963 foedatcorpus
1133 3883 1414 3964 turpiter
1461 3891 1653 3964 atque
1699 3881 1992 3940 animam.
2371 3859 2378 3866 ἱ

298 3983 596 4048 Ἑοθᾶίοι*
632 3967 731 4048 ⁸est
777 4009 872 4068 ea,
921 3981 1112 4071 quam
1157 3998 1386 4070 natura
1427 3982 1741 4050 exhorret.
1825 3990 1922 4062 An
1967 4009 2100 4050 esse

473 4093 574 4155 Tu.
615 4114 828 4159 censes
872 4093 1217 4173 hominem,
1264 4117 1459 4180 quem
1500 4104 1637 4163 atra
1679 4075 1878 4161 libid'o
1921 4092 2201 4180 premit?

1080 4342 1098 4367 ἱ
