3119 5087
1514 352 2042 479 „zm-,-

725 589 921 663 modo
993 598 1239 679 veteres
1310 600 1378 652 et
1439 571 1955 676 praestantissimi
2038 599 2268 678 poetae
2331 592 2842 657 consenuerintw

723 698 945 758 Utitur
989 699 1229 758 Cratini
1272 699 1580 782 exemp10,
1626 700 1800 782 quod
1839 722 2031 785 supra
2075 699 2156 761 ad
2192 699 2463 762 diversas
2499 723 2599 762 res
2639 723 2795 762 con-s

724 803 1062 864 firmandas
1131 805 1376 887 saepius
1430 805 1884 887 usurpavimus,
1990 806 2281 867 Cratinus
2342 807 2514 867 nudo
2584 807 2791 890 gladio

720 912 851 971 ruit
886 911 958 970 in
1003 909 1236 971 civium
1279 910 1691 971 scelestorum
1732 933 1939 972 mores
1983 892 2412 995 corruptos'et
2451 913 2516 972 in
2559 924 2795 996 poten-

722 1019 962 1083 tiorum
1001 1016 1235 1101 flagitia
1278 1025 1342 1076 et
1382 1016 1655 1077 fraudes·
1741 1015 1895 1077 Inde
1935 1017 2187 1078 Persius
2230 1018 2359 1079 Sat.
2405 1020 2454 1082 Ι.
2502 1022 2671 1084 123.:

959 1158 1042 1174 -
1088 1155 1167 1173 --
1215 1120 1457 1183 Audaci
1500 1123 1865 1207 quicunque
1908 1122 2116 1185 afflate
2159 1125 2418 1187 Cratino
2464 1158 2549 1172 --

718 1231 823 1291 De
870 1252 993 1314 qua
1039 1231 1352 1292 sensentia
1397 1229 1568 1289 idem
1609 1231 1745 1291 fere
1779 1229 2100 1291 iudicium
2143 1232 2391 1314 profert
2419 1231 2791 1293 Christod'o-

721 1359 829 1398 rus
887 1337 952 1396 in
1019 1335 1309 1421 ecphrasi
1361 1345 1712 1397 statuarum
1774 1335 1842 1396 in
1899 1337 2204 1420 Leuxippi
2247 1339 2568 1421 gymnasio
2618 1341 2785 1424 apud

719 1443 1143 1506 Brunckium:
2021 1520 2042 1535 .-

883 1549 1022 1615 Καὶ
1054 1546 1250 1626 τύπος
1288 1547 1526 1635 ἃρβρῦς
1568 1548 1839 1630 ἔλαμπεν
1878 1543 2272 1634 ἆριστονόοιο
2318 1550 2661 1633 Κρατίνου,

867 1653 973 1732 Ὃς
1020 1681 1168 1721 ποτε
1206 1654 1624 1740 ὃη,ιιοβόροισι
1664 1653 2184 1738 πολισσούχοισιν
2215 1651 2445 1720 Ἰώνων

875 1752 1252 1843 θυμοδακὲῖς
1294 1744 1569 1859 ξθύωὸεν
1608 1758 2052 1845 ἆκοντιστῆρας
2096 1761 2362 1844 ἰάμβους

879 1870 1092 1949 κῶμον
1131 1864 1393 1950 &gimag-
1432 1868 1929 1954 φιλομαήνμονος
1971 1866 2153 1953 ἔργον
2196 1863 2436 1951 ἇοιὸἦς.

716 1975 1113 2054 Quibuscum
1169 1977 1484 2038 consentit
1546 1976 1873 2053 iudicium,
1929 1975 2103 2060 quod
2161 1976 2484 2037 Platonius
2529 1978 2779 2059 profert

2604 1752 2621 1779 Ι

716 2080 887 2166 ,Περὶ
927 2082 1232 2166 διαφορᾶς
1264 2077 1696 2164 χαρακτὴρων,
1752 2103 1899 2142 eum
1955 2082 2141 2144 fuisse
2183 2104 2472 2144 severum
2517 2083 2581 2143 in
2624 2105 2781 2145 con-

712 2189 920 2259 viciis3
979 2211 1110 2249 non
1171 2191 1361 2267 enim,
1421 2189 1604 2250 sicuti
1655 2178 2105 2272 Aristophanes
2151 2190 2416 2268 solebat,
2459 2190 2778 2250 succincte

714 2294 1036 2380 loquendo
1058 2298 1325 2381 gratiam
1356 2297 1601 2358 addidit
1630 2296 2152 2373 cavillationibuS‚
2171 2295 2633 2358 vehementiam
2664 2297 2781 2357 ob-
2807 2314 2813 2320 ’

714 2402 1084 2487 iurgationis
1149 2413 1419 2486 propter
1481 2403 1680 2486 ipsam
1739 2404 2004 2485 gratiam
2050 2403 2416 2464 deminuens
2480 2413 2544 2463 et
2603 2403 2779 2486 quasi

706 2510 998 2571 «refutans
1036 2510 1149 2573 sed
1186 2511 1578 2595 simpliciter,
1600 2511 1804 2596 γυμνῇ
1844 2510 1921 2596 τῇ
1966 2510 2224 2594 κεφαλῇ,
2267 2519 2339 2571 ut
2364 2510 2777 2593 proverbium

714 2615 931 2692 habet,
995 2616 1282 2677 convicia
1334 2617 1490 2677 fecit
1547 2617 1612 2677 in
1661 2617 2027 2678 deteriores·
2114 2618 2183 2676 In
2229 2617 2581 2677 fabularum
2623 2629 2774 2677 vero

710 2723 1182 2783 accessionibus
1255 2720 1591 2805 (ἐπιβολαὶ)
1675 2732 1739 2783 et
1807 2732 2114 2805 apparatu
2173 2721 2519 2805 (διασκευὴ)
2580 2723 2774 2783 solers

715 2851 863 2890 cum
903 2840 1066 2892 esset
1120 2831 1437 2907 Cratinus,
1494 2830 1626 2913 ipsa
1674 2839 2041 2912 argumenta
2085 2824 2466 2912 (ὑποθέσεις)
2516 2830 2773 2911 insuper

712 2936 987 3019 neglexit
1036 2934 1395 3021 (προϊέναι),
1461 2935 1781 3019 dissipavit
1844 2946 1908 2997 et
1931 2936 2112 3020 (iusto
2157 2934 2454 3018 prolixius
2496 2934 2775 2995 distraxit
2819 2935 2824 2940 ’

708 3042 1055 3128 (ὃιασπᾷν),
1098 3043 1310 3125 itaque
1352 3042 1593 3128 fabulas
1637 3043 1797 3124 ipsas
1837 3064 1965 3102 non
2009 3042 2151 3101 satis
2196 3051 2341 3125 apte
2386 3051 2450 3101 et
2491 3062 2772 3124 congrue

712 3149 1073 3232 complevit.
1173 3148 1582 3230 Supereranta
1624 3148 1815 3231 igitur
1857 3150 1921 3209 in
1966 3149 2209 3209 Cratini
2249 3148 2477 3209 fabulis
2515 3147 2773 3228 vestigia

709 3254 1016 3318 nonnulla·
1059 3253 1333 3316 rudioris
1382 3265 1447 3317 et
1476 3255 1873 3317 inordinatae
1910 3256 2080 3331 artiS,
2115 3255 2489 3338 praesertim
2519 3255 2580 3313 in
2618 3259 2773 3314 con-
2819 3281 2828 3292 ²

715 3361 998 3424 elusione
1064 3342 1422 3429 dramatum
1484 3363 1967 3424 desiderabatur
2029 3371 2610 3446 temperamentum·
2657 3359 2773 3418 ali-

710 3467 906 3552 quod,
968 3489 1092 3551 quo
1155 3468 1565 3529 cavillationis
1628 3491 1868 3529 summa
1907 3470 2236 3536 acerbitas
2261 3469 2589 3529 leniretur.
2644 3466 2774 3526 Eu-

709 3575 872 3659 polis
935 3584 1159 3636 contra
1211 3597 1334 3651 reS,
1375 3597 1702 3658 persona8‚
1745 3598 1931 3637 voces
1976 3586 2041 3636 et
2091 3586 2264 3662 actus
2309 3574 2390 3635 ad
2430 3575 2766 3636 veritatem

704 3704 1014 3746 :revocans
1059 3692 1122 3744 et
1161 3681 1277 3741 sibi
1320 3682 1555 3764 fingens
1590 3676 2052 3765 (εὖφάνταστος)
2092 3681 2580 3764 auditorumque
2610 3681 2786 3739 ima--
2843 3686 2849 3696 ’

708 3790 1095 3872 ginationem
1135 3789 1201 3849 in
1243 3810 1418 3848 suam
1459 3809 1599 3849 rem
1641 3810 2065 3866 commovenS,
2094 3790 2159 3849 in
2196 3789 2578 3871 argumentis
2607 3809 2765 3847 con-

704 3896 1052 3961 formandis
1110 3895 1296 3977 longe
1360 3895 1630 3977 optimus
1688 3916 1995 3955 summam
2050 3895 2178 3956 vim
2222 3904 2286 3955 et
2332 3893 2763 3954 dexteritatem

706 4002 969 4071 addidit
1010 4000 1237 4063 fabulis
1304 4009 1389 4078 et,
1452 4020 1597 4060 cum
1654 3997 1854 4082 gravis
1912 4001 2045 4086 ipse
2103 4010 2282 4078 esset,
2344 4001 2760 4062 confictarum

712 4119 929 4174 tamen
990 4128 1410 4198 personarum
1455 4105 1733 4170 novitate
1776 4105 2137 4172 acerbitatis
2183 4127 2331 4169 suae
2372 4113 2768 4169 venustatem
