3119 5087
604 320 616 351 Ι

1064 378 1547 451 ...ρ-χ...

196 641 216 655 υ
276 565 356 628 τὰ
416 565 592 647 παρὰ
641 566 771 636 τοῖς
831 561 1040 646 Θρᾳξΐ
1088 564 1167 625 τὰ
1228 584 1293 627 τε
1348 559 1679 628 Κωτῶττια
1731 559 1845 627 καὶ
1875 567 1955 627 τὰ
1995 563 2340 643 Βενὸάῖεεα,

275 672 425 753 παρ’
483 659 713 743 0591&
757 661 1016 754 Ὀρφικοὶ
1076 672 1189 753 τὴν
1247 673 1558 756 καταρχῆν
1587 738 1592 743 ,
1618 668 1783 753 ἔσχε.
1901 668 2029 754 Τῆς
2067 672 2185 753 μὲν
2225 664 2340 761 οὖν

277 771 532 851 Κότυος
569 775 682 858 τῆς
720 776 789 841 ἐν
836 784 970 852 τοῖς
1004 771 1306 854 Ἠδωνοῖς
1346 774 1677 860 Αἰσχύλος
1720 776 2030 862 μέμνηται
2068 777 2183 847 καὶ,
2213 779 2341 842 τῶν

277 881 426 965 περὶ
459 877 655 964 αὐτὴν
695 877 996 967 ὀργάνων.
1075 882 1271 947 Sacra
1311 885 1466 963 eius,
1495 885 1773 970 Cotynia
1811 885 2002 963 dicta,
2040 886 2213 947 omni
2248 885 2344 946 la·-

277 991 509 1053 sciviae
557 1000 623 1052 et
667 990 1099 1075 impudicitiae
1135 1012 1370 1077 genere
1396 992 1576 1055 fuere
1615 993 1893 1072 infamia,
1928 993 2099 1055 unde
2125 993 2334 1055 Hora-

276 1097 403 1158 tius
445 1097 510 1158 in
548 1096 758 1180 Epod.
801 1097 998 1160 XVII.
1037 1102 1134 1162 56.
1163 1089 1425 1161 Sacrum
1460 1099 1638 1163 liberi
1668 1101 2009 1185 Cupediafis„
2056 1100 2337 1185 Cotyttia

280 1213 512 1281 autem,
578 1213 646 1266 ut
687 1205 908 1281 scribit
945 1204 1355 1290 PorphyriuS,
1398 1225 1651 1267 sacrum
1692 1207 2019 1290 Cupidinis
2062 1228 2198 1270 esse
2239 1207 2342 1268 di-

279 1319 537 1388 cuntur,
596 1311 743 1395 quia
808 1311 1116 1373 maleficia
1177 1311 1358 1390 haec,
1426 1333 1590 1396 quae
1667 1335 1787 1396 per
1848 1313 2097 1376 inferna
2161 1335 2342 1374 sacra

277 1417 462 1496 fiunt,
506 1417 586 1480 ad
631 1438 915 1480 amorem
957 1419 1340 1502 pertineant,
1384 1420 1553 1481 unde
1598 1421 1749 1482 talia
1791 1420 2098 1481 sacrificia
2133 1418 2343 1503 impu.-

279 1522 425 1586 diea
473 1523 555 1585 ad
601 1545 884 1586 amorem
923 1525 1309 1608 pertinentia
1347 1548 1387 1587 a
1430 1526 1729 1588 sacrificis
1766 1527 2029 1587 tractari
2055 1536 2339 1610 apparet.

278 1631 468 1715 Apud
527 1630 787 1693 Suidam
848 1654 904 1693 v.
944 1627 1158 1705 Κότυς
1205 1632 1562 1715 appellatur
1605 1631 1847 1714 δαίμων
1886 1637 2057 1717 παρὰ
2099 1635 2338 1716 Κοριν-

275 1735 446 1812 θίοις
461 1733 830 1818 τὶμώμενος,
863 1733 1093 1823 ἔφορος
1117 1737 1242 1802 τῶν
1261 1737 1538 1823 αἰσχρῶν
1566 1739 1822 1820 (foedae
1851 1739 2128 1800 lihidinis
2148 1761 2341 1822 prae-

275 1866 395 1908 ses.
441 1846 537 1908 Cf.
580 1846 755 1908 Suid.
798 1868 855 1908 v.
901 1842 1231 1928 Θιασώτης
1275 1857 1348 1909 et·
1377 1848 1644 1932 Hesych.
1681 1839 1739 1911 vi
1770 1843 2131 1926 Κωτυττώ).
2178 1847 2341 1910 Cum

278 1952 441 2015 haec
501 1953 866 2031 scriherem‚
924 1953 990 2016 in
1051 1955 1342 2015 notitiam
1400 1977 1608 2016 meam
1650 1955 1824 2017 venit
1865 1954 2112 2039 egregia
2159 1974 2340 2017 com-

276 2060 587 2122 mentatio
628 2060 1026 2122 Buttmanni:
1089 2061 1285 2124 Ueber·
1331 2064 1429 2124 die
1464 2061 1753 2142 Kotyttia
1791 2063 1921 2121 und
1952 2062 2054 2121 die
2080 2062 2345 2144 Baptae,

272 2167 348 2228 in
405 2190 529 2252 qua
580 2168 680 2230 vir
740 2167 962 2231 doctus
1018 2168 1192 2231 locos
1250 2168 1334 2230 de
1393 2177 1609 2229 nostra
1665 2188 1737 2229 re
1784 2188 1819 2228 a
1860 2166 2069 2227 multis
2111 2166 2342 2248 passim

280 2275 584 2349 collectos
626 2285 812 2337 acute
858 2273 1133 2359 disponit
1173 2284 1239 2337 et
1277 2295 1466 2358 saepe
1509 2274 1724 2336 dextre
1769 2273 2084 2336 emendat.
2149 2272 2344 2332 Com-

277 2381 565 2443 municat
622 2381 665 2443 l„
726 2404 782 2445 c.
843 2404 907 2466 p.
970 2401 1029 2445 2.
1085 2382 1298 2444 locum
1354 2381 1662 2443 hactenus
1705 2378 1859 2441 mihi
1909 2380 2099 2463 plane
2158 2377 2342 2462 igno-

275 2497 417 2550 tum
477 2509 514 2550 e
572 2487 798 2551 codice
850 2488 1056 2551 veteri
1107 2488 1630 2572 proverbiorum:
1690 2487 1921 2568 „Cotyi
1957 2484 2338 2569 sacr-ficare,

272 2594 769 2658 calamistratum
828 2620 949 2658 esse
967 2622 988 2656 .-
1047 2599 1185 2657 huic
1225 2599 1380 2656 enim
1415 2594 1570 2655 deae
1610 2595 1786 2679 apud
1825 2594 2169 2654 Corinthios
2211 2592 2369 2652 cul-a
2475 2595 2478 2600 ”

274 2715 383 2762 tae
437 2703 901 2785 intemperantes
962 2724 1041 2764 ac
1080 2704 1621 2765 calamistraturae
1659 2701 1919 2762 studiosi
1933 2701 2340 2782 formamque

275 2809 666 2869 venditantes
689 2808 1195 2892 sacrzficabant.“
1289 2809 1478 2893 Apud
1518 2807 1936 2870 Theocritum
1980 2804 2180 2889 (Idyll.
2227 2804 2337 2865 Vl.

196 2945 203 2951 ·
272 2917 406 2994 40.)
473 2936 616 2998 saga
665 2915 1076 2983 conciliandis
1147 2916 1466 2976 amoribus
1524 2914 1800 2977 serviens
1837 2922 2107 2975 vocatur
2150 2908 2340 2994 γραῖα

272 3019 705 3106 Κωτυτταρίς·
745 3022 900 3084 tales
938 3022 1187 3083 vetulae
1216 3031 1324 3082 aut
1352 3024 1599 3082 Lunam
1633 3019 2018 3081 deducentes
2049 3018 2129 3080 de
2156 3018 2339 3080 coelo

275 3137 393 3189 aut
470 3128 591 3190 alia
661 3129 1072 3212 imaginantes
1149 3128 1381 3190 amoris
1439 3126 1747 3209 impudici
1801 3135 1950 3188 sunt
2012 3134 2339 3216 auctores;

271 3236 557 3320 praefuit
617 3237 737 3299 his·
769 3238 926 3321 sagis
988 3239 1265 3321 Cotytto,
1301 3246 1388 3297 'et
1454 3234 1751 3296 auxilium
1809 3234 1958 3295 tulit
2013 3234 2337 3317 occupatis

272 3342 381 3406 vel
423 3344 490 3404 in
531 3343 907 3426 quaerendis
967 3345 1114 3406 viris
1158 3343 1258 3407 vel
1300 3352 1372 3404 ut
1410 3342 1714 3403 furiosam
1757 3340 2083 3424 explerent
2123 3340 2338 3402 libidi-

274 3474 428 3515 nem
467 3452 784 3513 muliereS.
865 3455 1058 3518 Hunc
1102 3460 1357 3532 turpem
1402 3459 1468 3511 et
1507 3448 1898 3511 obscoenum
1931 3446 2136 3510 'ritum
2178 3469 2336 3510 con-

273 3560 491 3621 firmat
532 3556 840 3619 Iuvenalis
882 3557 1010 3619 Sat.
1059 3558 1136 3617 ΙΙ.
1181 3577 1282 3640 92.
1931 3569 1932 3572 ’

430 3649 619 3725 'Talia
660 3672 908 3726 secreta
948 3663 1288 3727 coluerunt
1329 3664 1504 3747 orgia
1548 3662 1734 3725 taeda

436 3772 815 3855 Cecropiam
858 3770 1027 3831 soliti
1065 3770 1301 3854 Baptae
1341 3769 1570 3831 lassare
1616 3769 1898 3852 Cotytto,

268 3879 792 3967 quandoquidem
832 3878 1013 3939 illum
1059 3886 1387 3961 comparat
1428 3898 1575 3937 cum
1615 3872 1977 3958 turpissimo
2022 3878 2213 3931 coetu
2243 3868 2342 3931 fe-

269 3988 592 4051 minarum
630 3986 1062 4047 Romanarum
1103 4005 1282 4045 sacra
1324 3982 1388 4043 in
1431 3982 1747 4043 honorem
1785 3979 2001 4041 Bonae
2029 3977 2207 4037 Deae
2240 3974 2339 4035 in-

266 4091 693 4171 stituentium,
732 4090 960 4177 quihus
1001 4087 1225 4151 similia
1260 4089 1450 4152 fuisse
1494 4085 1796 4151 videntur
1839 4080 2017 4145 isidis
2052 4101 2229 4143 sacra
2257 4081 2338 4142 ab
