3119 5087
1532 444 1627 462 ...
1730 418 1822 489 53
1915 418 2058 465 ...κ

903 603 1170 664 Praeter
1226 600 1552 665 Cratinum
1605 601 2086 686 Aristophanem
2175 620 2450 683 quoqne*
2485 602 2794 685 scripsisse

744 703 969 792 ’”Ώρας,
1020 707 1701 770 ῐεεῐαῐῑιτ,ΑῐΙὶθιιειειιε
1763 708 1872 768 ΙΧ.
1930 731 1994 791 p.
2040 714 2178 789 372.
2221 709 2293 769 B.
2341 708 2509 769 xlv.
2553 697 2625 792 p.
2657 715 2794 774 653.

738 817 812 877 F.
913 812 1256 896 Hesychius
1309 835 1368 873 v.
1433 809 1828 892 Δικαστικόν,
1883 814 2103 875 Pollux
2151 815 2289 876 VH.
2340 822 2432 878 13.
2478 820 2612 896 187.
2663 821 2794 878 160.

690 921 867 982 ⁴nlii.
983 921 1383 1002 Quamquam
1460 941 1531 980 ex
1595 921 1838 981 Cratini
1898 923 2111 983 fabula
2172 922 2310 1005 plus
2350 945 2536 1005 quam
2573 921 2797 1002 viginti

654 1022 673 1037 “
740 1029 1098 1110 fragmenta
1139 1024 1372 1086 diserte
1415 1025 1779 1104 laudantur,
1837 1014 2177 1089 a'dmodum
2220 1029 2475 1089 difficile
2523 1039 2636 1104 est,
2700 1029 2793 1103 iis,

743 1153 906 1215 quae
952 1131 1043 1191 Cl.
1091 1131 1596 1192 Hemsterhusius
1644 1133 1724 1193 ad
1765 1133 2092 1195 Pollucem
2132 1137 2212 1194 X.
2235 1140 2357 1223 76.
2387 1136 2635 1218 egregie
2676 1135 2801 1194 dis-

740 1238 1006 1320 putavit,
1049 1237 1408 1321 probabilia
1453 1218 1708 1302 addere.
1789 1239 1936 1321 Egit
1976 1241 2187 1323 itaque
2233 1242 2520 1313 Cratinus
2565 1240 2630 1299 in
2680 1239 2799 1299 hac

741 1346 956 1407 fabula
1015 1344 1093 1406 de
1157 1344 1430 1427 regionis
1491 1346 1736 1407 Atticae
1778 1345 2133 1417 fertilitate;
2192 1369 2345 1430 quos
2387 1348 2628 1412 fructus
2673 1346 2799 1405 sin-

743 1452 899 1535 gulis
943 1451 1092 1510 anni
1132 1451 1607 1533 tempestatibus
1657 1452 1974 1535 producat
2018 1450 2312 1536 explicuit
2356 1457 2420 1514 ct
2459 1454 2524 1512 in
2564 1451 2686 1513 hac
2730 1474 2799 1514 re

739 1557 915 1619 varie
973 1556 1137 1632 lusit,
1198 1555 1361 1618 sicut
1420 1557 1773 1641 fragmenta
1818 1558 2218 1620 diversissimi
2261 1546 2610 1643 argumenti
2656 1561 2798 1620 satis

741 1663 913 1724 clare
970 1662 1423 1728 demonstrant.
1538 1665 1930 1747 Fragmentis
1994 1665 2350 1726 accuratius
2406 1665 2798 1748 pe1lustratis

739 1768 965 1830 videor
1005 1779 1218 1831 tamen
1264 1771 1418 1832 mihi
1464 1771 1772 1833 invenisse
1811 1752 2070 1855 vestigia
2105 1770 2433 1854 quaedam,
2465 1771 2633 1832 unde
2664 1771 2798 1831 col-

736 1875 846 1958 ligi
890 1874 1043 1937 licet
1083 1899 1120 1937 a
1167 1878 1430 1941 Cratino
1482 1877 1734 1962 depicta
1775 1879 1964 1940 fuisse
2007 1879 2073 1938 in
2116 1877 2238 1938 hac
2280 1852 2492 1938 fabula
2525 1877 2800 1959 singulo-

740 2004 886 2043 rum
930 1981 1249 2055 ordinum,
1288 1984 1398 2067 qui
1443 1983 1701 2045 Athenis
1743 1982 2078 2060 florebant,
2113 1984 2408 2054 artificia;
2449 1983 2661 2066 itaque
2690 2005 2795 2044 ce-

740 2087 1081 2150 leberrima
1134 2087 1613 2157 Atheniensium
1669 2112 1813 2151 vasa
1885 2090 2104 2152 fictilia
2163 2090 2445 2173 aliaeque
2504 2089 2793 2149 officinae

741 2217 871 2256 non
931 2193 1142 2255 obiter
1196 2195 1701 2277 attingebantur3
1761 2196 2034 2280 ideoque
2098 2216 2228 2256 non
2281 2196 2488 2256 solum-
2524 2195 2797 2276 regionis

740 2301 1134 2363 fertilitatem
1190 2301 1302 2362 sed
1359 2301 1836 2364 Atheniensium
1874 2303 2087 2377 vitam,
2130 2310 2203 2363 nt
2239 2302 2329 2362 ita
2376 2299 2604 2377 dicam,
2648 2322 2800 2381 pro-

744 2384 1062 2473 ductivam
1110 2407 1394 2473 videmus
1463 2409 1850 2471 celebratam
1900 2409 2087 2469 fuisse
2111 2407 2252 2468 'hac
2293 2406 2527 2467 fabula.
2621 2405 2800 2465 Idem

742 2514 1078 2576 consilium
1118 2514 1373 2584 videtur
1397 2513 1851 2597 Aristophanes
1894 2523 2142 2575 secutus
2196 2534 2328 2574 esse
2355 2513 2420 2573 in
2471 2511 2801 2573 comoedia

742 2620 1026 2682 eiusdem
1088 2607 1358 2681 nominis
1425 2620 1681 2695 (Athen.
1740 2622 1852 2680 XI.
1908 2642 1973 2703 p.
2019 2626 2160 2702 372.
2203 2621 2275 2679 A.
2317 2621 2389 2679 Β.
2435 2623 2631 2700 cet.);
2696 2620 2801 2680 hic

742 2727 914 2789 enim
971 2747 1159 2809 saepe
1212 2729 1279 2789 in
1331 2726 1725 2790 celebrandis
1783 2726 2042 2788 Athenis
2082 2725 2346 2786 multam
2383 2747 2647 2809 operam
2685 2749 2804 2810 po·-

741 2842 891 2902 suit.
971 2840 1189 2924 Equit.
1234 2839 1374 2918 579.
1418 2852 1550 2919 sqq.

907 2948 978 3008 In
1019 2941 1413 3005 Archilochis
1457 2938 1908 3006 Archilochum
1951 2948 2230 3024 poetam,
2306 2939 2482 3000 cuius
2522 2939 2804 3001 versibus

740 3074 931 3136 saepe
990 3073 1135 3112 usus
1192 3059 1307 3127 est,
1374 3048 1668 3109 Cratinus
1708 3045 1882 3107 haud
1924 3045 2114 3110 dubie
2156 3044 2398 3105 induxit
2444 3044 2803 3127 (Hephaest.

740 3158 1002 3221 Euchir.
1058 3181 1121 3241 p.
1180 3160 1291 3220 88..
1346 3158 1428 3233 8.)
1497 3164 1564 3216 et
1619 3153 1828 3215 multis
1889 3153 2023 3213 aliis
2066 3151 2271 3235 poetis
2310 3161 2523 3235 partes
2564 3151 2812 3215 tribuit.

740 3267 983 3328 Poetae
1040 3284 1196 3327 vero
1261 3273 1334 3324 ut
1403 3262 1741 3338 Homerus,
1794 3258 2104 3321 Hesiodus
2168 3258 2272 3317 alii
2313 3258 2379 3317 in
2422 3256 2545 3318 hac
2593 3257 2808 3317 fabula

742 3371 1058 3454 sophistae
1120 3368 1418 3453 appellati
1459 3378 1606 3429 sunt
1667 3367 1871 3449 (Diog.
1914 3367 2125 3426 Laert.
2171 3364 2214 3423 12.
2264 3383 2359 3427 ιη.
2398 3363 2593 3425 Clem.
2636 3362 2805 3424 Alex.

741 3478 978 3538 Strom.
1020 3477 1070 3547 Ι.
1121 3478 1279 3550 122.)
1323 3473 1531 3557 prima
1575 3482 1641 3535 et
1681 3472 1945 3556 propria
1982 3465 2455 3555 significatione.
2517 3469 2615 3528 Cf.
2659 3469 2809 3529 Mit-

740 3584 970 3646 scherl.
1034 3583 1115 3644 ad
1171 3581 1390 3642 Horat.
1451 3601 1644 3640 carm.
1712 3580 1758 3639 I.
1817 3601 1873 3642 ι.
1933 3597 2031 3660 29.
2075 3576 2405 3659 Aristoph.
2461 3577 2624 3637 Nub.
2670 3582 2808 3640 330.

740 3692 964 3774 Eurip.
1006 3690 1193 3750 Rhes.
1239 3707 1378 3771 9²¹·
1422 3686 1524 3748 ed.
1571 3684 1795 3746 Matth.
1836 3683 2095 3745 Pindar.
2142 3683 2354 3744 Isthm.
2394 3681 2472 3744 V.
2517 3686 2620 3746 36.

904 3799 1005 3856 De
1057 3792 1427 3878 argumento
1464 3791 1738 3875 Pylaeae
1778 3790 2033 3851 fabulae
2071 3789 2509 3850 coniecturam
2535 3788 2807 3871 protulit

740 3904 843 3966 vir
886 3901 1109 3963 doctus
1170 3899 1251 3962 de
1291 3898 1506 3961 Valois
1529 3898 1764 3974 (Mem.
1810 3896 1889 3957 de
1925 3895 2145 3958 l’acad.
2207 3895 2432 3979 royaless
2466 3895 2572 3956 des
2617 3895 2807 3956 i‘nscr.

744 4021 814 4072 et
869 4008 1068 4069 belles
1112 4007 1354 4068 lettres,
1398 4005 1474 4064 Τ.
1520 4004 1624 4064 ΠΙ.
1670 4026 1732 4086 p.
1777 4006 1963 4084 207.),
2010 4023 2199 4084 quam
2244 4011 2473 4085 nuper,
2518 4009 2591 4061 ut
2628 4001 2812 4062 vide-

746 4126 876 4191 tur,
921 4112 1632 4205 recepithittmannuS,
1670 4102 1911 4187 (Ueber
1954 4108 2078 4170 den
2118 4107 2302 4170 Bund
2346 4108 2464 4172 der
2503 4106 2792 4194 Amphik-

749 4209 966 4287 tionen
1009 4244 1071 4307 p.
1117 4243 1215 4304 91.
1260 4220 1442 4283 Anm.
1491 4220 1590 4299 7.)-
