3119 5087
1530 308 2016 436 ...53ss-

744 551 1035 634 Uterque
1094 569 1307 611 versus
1376 559 1469 612 est
1530 560 1902 613 tetrameter
1964 553 2417 635 anapaesticus,
2489 552 2811 635 posterior

743 679 899 720 vero
950 656 1343 747 spondaeum
1383 656 1580 718 habet
1626 658 1692 718 in
1737 659 1921 719 exitu.
2026 659 2156 719 Hos
2200 658 2375 720 locos
2422 658 2665 741 Cratini
2706 680 2811 721 ex-

745 765 937 848 cipiat
980 762 1134 825 alius
1179 762 1401 825 itidem
1442 786 1515 825 ex
1558 764 2026 848 Hephaestione
2068 784 2167 848 47.
2218 787 2274 828 ι.
2320 764 2669 827 desumtusz

1067 864 1259 950 Σιγάν
1301 891 1412 932 νυν
1451 863 1615 946 ὅπως
1659 867 1779 951 ἔχε,
1823 871 2025 954 σιγᾶν,

1065 975 1175 1041 καὶ
1211 973 1412 1041 πάντα
1452 972 1641 1058 λόγον
1677 972 1839 1057 τάχα
1880 973 2102 1060 πεύσῃ.

1002 1064 1009 1069 ’
1054 1078 1252 1161 ἾΙμῖν
1291 1084 1352 1144 ‹5’
1387 1075 1618 1164 Ἰθάκη
1643 1081 1865 1167 πατρίς
1905 1083 2041 1146 ἐστι

1064 1187 1435 1268 aunum&
1475 1184 1584 1270 ἅμ’
1622 1183 1928 1253 Ὀδυσσέἷ
1966 1187 2141 1274 θείῳ.
2338 1269 2344 1275 .

742 1292 941 1357 Iidem
989 1317 1198 1355 versus
1241 1295 1538 1379 leguntur
1580 1296 1749 1379 apud
1792 1295 2207 1357 Scholiastam
2260 1294 2341 1356 ad
2372 1293 2806 1380 Aristophanis

739 1401 908 1465 Plut.
972 1405 1133 1486 598„
1194 1401 1364 1464 unde
1417 1403 1729 1485 quaedam
1794 1403 1862 1463 in
1916 1402 2396 1486 Hephaestionis
2440 1402 2583 1463 loco
2626 1401 2805 1462 licuit

745 1508 1111 1570 emendare.
1168 1509 1261 1568 Cf.
1325 1508 1756 1571 Hemsterhus.
1818 1509 1900 1570 ad
1954 1507 2269 1593 Aristoph.
2327 1507 2496 1568 Plut.
2553 1529 2616 1590 p.
2666 1530 2799 1589 ¹97·

740 1616 844 1676 De
904 1617 1215 1677 sententia
1274 1615 1459 1676 simili
1512 1615 1739 1677 videsis
1797 1615 2019 1699 Eurip.
2065 1615 2236 1699 Cycl.
2281 1610 2428 1676 i‘nde
2474 1636 2511 1675 a
2560 1638 2620 1678 v.
2661 1617 2801 1699 698.

724 1732 948 1803 'usque
991 1721 1073 1781 ad
1119 1723 1311 1782 finem
1353 1732 1418 1782 et
1457 1722 1644 1783 Hom.
1692 1722 1817 1784 od.
1862 1745 1905 1801 ι,
1950 1724 2015 1783 in
2045 1724 2171 1785 fine
2215 1722 2565 1806 praecipue
2587 1726 2801 1800 v.5o4.
2849 1730 2866 1740 ”

737 1826 961 1888 Potest
1017 1836 1229 1890 tamen
1285 1827 1410 1889 hoe
1453 1829 1877 1912 fragmentum
1918 1830 2000 1891 ad
2039 1829 2211 1911 illam
2253 1848 2507 1911 quoque
2546 1825 2802 1888 fabulae
2878 1887 2883 1892 .

739 1941 991 2014 partem
1033 1934 1378 2015 pertinere,
1433 1957 1597 2017 quae
1642 1934 1708 1995 in
1752 1934 2031 2018 Odyssea
2073 1958 2116 2011 ι,
2168 1954 2305 2015 172.
2348 1957 2481 2018 sqq.
2541 1934 2802 2017 exponi-

738 2047 869 2100 tur.
971 2037 1109 2098 Alia
1165 2040 1519 2124 fragmenta
1579 2062 1651 2102 ex
1705 2039 2005 2124 Ulyxihus
2068 2040 2309 2101 Cratini
2348 2049 2617 2118 servata,
2676 2061 2801 2123 quo

739 2144 1040 2222 referam,
1083 2145 1367 2208 nondum
1408 2155 1585 2208 certe
1632 2155 2029 2230 compertum
2067 2144 2297 2206 haheo.

905 2252 1169 2315 Homeri
1196 2272 1554 2325 sermonem
1581 2254 1794 2316 inveni
1819 2255 1885 2314 in
1907 2252 2118 2313 multis
2148 2252 2389 2314 Cratini
2419 2253 2802 2337 fragmentis,

742 2357 810 2419 in
857 2358 1083 2442 quibus
1122 2369 1333 2420 tamen
1382 2382 1511 2422 non
1556 2360 1789 2423 diserte
1839 2360 2176 2437 indicatur,
2229 2382 2310 2423 an
2358 2360 2440 2421 ad
2480 2358 2648 2420 hane
2688 2379 2807 2419 no·-

736 2476 935 2529 stram
1001 2466 1265 2528 aliamve
1320 2466 1601 2552 fabulam
1640 2466 2023 2549 pertineant.
2072 2467 2164 2526 Cf.
2209 2465 2382 2529 Suid.
2432 2455 2649 2542 ’Ἄξιος
2689 2469 2803 2526 λα.

735 2575 869 2656 βεῖίν
931 2566 963 2635 ὃ
1024 2569 1278 2653 μισθός,
1332 2573 1418 2637 id..
1483 2596 1540 2635 v.
1591 2563 1900 2638 Ἆναλτον
1942 2583 2006 2634 et
2062 2574 2534 2646 Zonaram'sub
2582 2571 2806 2636 eadem

739 2701 921 2743 voce.
1010 2680 1348 2763 Hephaest.
1393 2680 1655 2744 Enohir.
1703 2704 1765 2764 p.
1818 2682 1918 2761 84.
1947 2685 2005 2743 3.
2051 2679 2265 2762 ibique
2297 2681 2562 2763 interpr.
2588 2678 2800 2762 Etym.

735 2789 824 2852 Μ.
869 2809 929 2848 v.
971 2783 1326 2867 Βαβάκτης.
1372 2863 1383 2887 ⁸
1426 2786 1764 2870 Hephaest.
1822 2787 2083 2850 Enohir.
2135 2791 2231 2869 57.
2275 2793 2335 2851 3.
2379 2796 2445 2849 et
2486 2785 2807 2848 d'Orvillii

742 2895 1005 2968 ‚doctam
1062 2893 1573 2958 observationem
1625 2893 1705 2955 ad
1761 2892 1825 2953 h.
1885 2893 1928 2958 l.-
2045 2892 2314 2977 Hesyoh'.
2376 2878 2441 2953 v:
2495 2892 2805 2975 Κυβηλίς.

745 3000 966 3064 Schol.
1013 3000 1093 3061 ad
1134 2999 1450 3083 Aristoph.
1494 2999 1766 3064 Acharn.
1806 3005 1865 3068 3.
1899 2998 2167 3066 Bekkeri
2206 2997 2445 3064 Aneed.
2489 3022 2553 3086 p.
2605 3007 2701 3068 ιδ.
2739 3003 2799 3064 6.,

741 3107 859 3172 Ιιι1.
900 3106 1068 3170 Poll.
1113 3109 1221 3168 IX.
1265 3111 1371 3190 98..

902 3215 1150 3276 Cratini
1187 3214 1472 3298 Seriphii.
1566 3211 1874 3276 Fabulam
1934 3212 2161 3274 eodem
2216 3211 2427 3274 indice
2469 3212 2803 3296 consigna-

738 3332 870 3384 tam
913 3320 1348 3405 ¹composuisse
1409 3318 1833 3402 perhibentur
1889 3318 2337 3402 Aristophanes
2416 3318 2659 3399 (Schol.
2721 3317 2811 3384 ad,
2899 3369 2908 3373 -

734 3425 1056 3508 Aristoph.
1108 3427 1293 3510 Vesp.
1328 3450 1386 3489 v.
1429 3429 1552 3509 74.)
1589 3436 1654 3490 et
1696 3426 1913 3488 Crates
1956 3426 2067 3491 (cf.
2107 3426 2320 3489 Schol.
2364 3425 2445 3491 ad
2483 3424 2800 3508 Aristoph.

735 3535 896 3598 Nuh.
953 3536 1153 3616 687.),
1215 3533 1438 3616 quibus
1494 3543 1709 3595 tamen
1760 3547 2000 3593 summo
2062 3554 2209 3595 oum
2263 3532 2402 3594 iure
2444 3532 2804 3599 abiudicata

741 3651 854 3705 est.
963 3641 1175 3703 Nostri
1234 3649 1464 3723 poetae
1522 3640 1738 3702 fabula
1788 3662 1824 3701 a
1871 3640 2189 3702 veteribus
2248 3660 2434 3722 saepe
2479 3639 2797 3714 laudatur,

734 3747 852 3811 ita,
886 3767 1063 3822 vero,
1125 3755 1218 3823 ut,
1276 3768 1424 3810 cum
1486 3745 1657 3829 apud
1706 3745 1981 3810 diversos
2023 3744 2360 3827 scriptores
2400 3745 2568 3814 tituli
2609 3745 2799 3807 lectio

733 3854 913 3916 varia
973 3853 1342 3919 exhibeatur
1412 3853 1477 3918 in
1531 3853 1628 3915 his
1688 3848 1989 3935 Σερίφιοι,
2049 3847 2337 3936 Σερέφιοι
2392 3851 2610 3934 (Phot.
2656 3854 2798 3912 Lex.

735 3955 1100 4042 Σταθερόν),
1159 3956 1420 4043 Σερίφοι
1478 3957 1684 4037 (said.
1746 3957 2079 4038 Σναθτρόν,
2159 3936 2427 4042 Hesyeh.
2483 3957 2800 4042 Βρίκελοι.

732 4064 947 4130 Sohol.
990 4066 1069 4132 ad
1109 4065 1425 4150 Aristoph.
1469 4066 1659 4150 Vesp.
1712 4067 1856 4146 74.)‚
1895 4056 2166 4149 Ἐρίφιοι
2207 4063 2505 4149 (Hesych.
2542 4059 2796 4146 ‘Amu-
