3119 5087
1092 390 1578 465 ...κιρ-...-

476 578 736 667 Πόρνην
777 578 844 644 δὲ
886 579 1197 661 Σιμαιᾯαν
1232 577 1427 656 ἰόντες
1470 576 1805 664 Μεγάραδε

452 687 706 753 ,νεανιόιι
745 686 1078 751 κλέπτουσι
1117 672 1680 768 μεθυσοκότταβοι(

472 787 653 881 Κᾷθ’
694 792 754 859 οἱ
799 798 1111 878 Μεγαρεῖς
1153 791 1403 868 ὀδύναις
1442 789 1959 878 πεφυσιγγωνὲνοι

471 893 916 980 ἀντεξέκλεψαν
949 895 1301 975 Ἀσπασίας
1341 897 1543 984 πόρνα
1584 899 1717 964 δύο·

474 1001 806 1090 κᾷντεῧθεν
846 1002 1006 1091 ἀρχὴ
1048 1010 1165 1071 τοῦ
1206 1006 1485 1088 πολέμου
1526 1001 1869 1091 κατερῥάγη

480 1105 744 1193 Ἵῐλλησι
783 1111 973 1178 πάσιν
1013 1115 1082 1178 ἐκ
1122 1116 1312 1200 τριῶν
1353 1115 1787 1198 λαικαστριῶν.

315 1217 414 1281 Cf.
455 1219 681 1280 Athen.
728 1223 896 1282 XIII.
942 1224 1016 1305 pl
1050 1226 1189 1305 570.
1229 1224 1302 1287 A.
1399 1224 1557 1284 Rem
1601 1221 1866 1284 eandem
1913 1214 2371 1280 confirmarunt

313 1324 512 1385 Duris
555 1325 797 1397 Samius
841 1336 906 1388 et
956 1310 1427 1412 Theophrastus
1479 1329 1543 1389 in
1591 1319 1759 1390 libro
1800 1335 2025 1411 quarto
2066 1324 2371 1387 Politice-

312 1453 464 1491 rum
507 1432 624 1511 (Cf.
656 1413 1226 1517 Harpocrationem
1255 1459 1314 1498 v.
1346 1429 1709 1513 Ἀσπασία),
1756 1436 1980 1520 quibus
2003 1454 2156 1494 vero
2188 1453 2374 1514 argu-

314 1540 547 1600 mentis
606 1540 674 1601 hi
737 1542 833 1602 usi
889 1543 1034 1620 sint,
1092 1543 1431 1615 nescimus3
1488 1566 1635 1604 nam
1709 1538 2133 1624 Aristophani,
2194 1538 2374 1598 cuius

311 1654 565 1707 tantum
610 1646 688 1708 (le
727 1646 959 1727 hacwre
1001 1649 1315 1739 integrum
1354 1648 1570 1710 locum
1616 1670 1685 1710 ex
1742 1646 2197 1731 antiquioribus
2242 1666 2376 1704 ser-

315 1761 536 1813 vatum
604 1752 929 1831 habemus,
989 1764 1235 1816 remoto
1281 1754 1612 1817 cavillandi
1655 1752 1883 1835 studi0,
1935 1776 2063 1815 non
2114 1750 2378 1812 multam

321 1858 517 1920 fidem
556 1860 962 1921 tribuendam
1006 1864 1156 1940 esse,
1199 1862 1600 1924 manifestum
1646 1871 1756 1922 est.
1838 1860 2160 1943 Aspasiam
2210 1858 2379 1917 iniu-

318 1965 484 2025 riam
525 1966 644 2025 sibi
688 1967 924 2027 illatam
969 1968 1343 2050 impunitam
1384 1978 1557 2028 certe
1586 1958 1714 2028 non
1748 1962 1992 2028 sinebat
2026 1955 2216 2048 atque
2237 1984 2380 2024 cre-

325 2069 522 2132 dibile
560 2081 672 2148 est,
717 2072 1045 2134 decretum
1089 2073 1346 2157 aliquod
1388 2073 1862 2167 Atheniensium
1900 2083 2120 2134 contra
2163 2074 2380 2153 Mega-

318 2199 537 2239 renses
578 2179 780 2239 minus
823 2189 1071 2262 gratum
1111 2180 1260 2241 inde
1306 2190 1519 2241 ortum
1570 2201 1734 2250 esse3
1779 2180 1980 2262 poetis
2015 2200 2192 2256 vere,
2235 2200 2381 2238 cum

319 2285 489 2347 cives
535 2286 792 2345 omnino
838 2307 1167 2347 removere
1211 2286 1447 2347 vellent
1488 2308 1524 2346 a
1564 2286 1745 2347 bellis
1793 2283 2200 2367 suscipiendis
2242 2302 2382 2345 om-

321 2413 562 2474 nesque
628 2413 727 2454 res
790 2392 1058 2455 leviores
1126 2388 1480 2476 captarent,
1543 2403 1615 2454 ut
1661 2415 1731 2454 ex
1772 2392 1845 2452 iis
1891 2391 2226 2452 haurirent
2269 2391 2384 2450 ali-

323 2499 501 2582 quid,
545 2499 718 2583 quod
743 2500 1116 2562 cohaereret
1158 2498 1624 2586 quodammodo
1673 2521 1818 2561 cum
1850 2498 2029 2560 istius
2070 2497 2222 2559 belli
2264 2496 2386 2556 ini-

319 2606 448 2681 tiis,
493 2587 1020 2690 exoptatissimum
1065 2619 1203 2669 erat
1246 2618 1310 2669 et
1350 2609 1613 2668 maxime
1656 2606 1955 2666 idoneum
1983 2626 2196 2665 causas
2229 2625 2385 2686 pro-7

321 2714 497 2776 ferre
539 2724 670 2776 tam
712 2716 918 2798 futiles
963 2726 1028 2777 et
1070 2716 1285 2776 inanes
1333 2726 1521 2799 atque
1565 2715 1684 2774 hac
1720 2716 1885 2774 fama
1917 2714 2091 2774 velut
2120 2714 2389 2773 materia

323 2821 420 2880 uti
464 2843 646 2903 posse
689 2821 753 2881 in
795 2822 1152 2882 fabularum
1196 2822 1571 2887 oeconomia
1614 2820 2067 2883 adumbranda.
2149 2821 2388 2901 Eupo-

322 2926 401 2987 lis
461 2927 739 2988 Helenae
816 2949 1047 2988 nomen
1103 2929 1385 2988 tribuens
1447 2897 1740 3010 Aspasiae
1801 2924 1974 2986 haud
2034 2925 2223 2987 dubie
2282 2948 2391 2987 re-

325 3033 531 3115 spexit
565 3033 730 3093 hanc
775 3034 1227 3109 narrationem,
1276 3032 1623 3093 secundum
1662 3055 1850 3117 quam
1871 3032 2134 3094 Periclis
2166 3031 2421 3109 amica,'

328 3140 496 3199 sicut
536 3140 643 3200 illa
684 3140 951 3219 Paridis,
997 3140 1269 3208 Menelai
1296 3161 1472 3216 uxor,
1499 3138 1652 3200 belli
1691 3125 2094 3200 funestissimi
2140 3162 2394 3201 causam

324 3250 668 3332 praebuit3
732 3249 885 3309 alius
948 3249 1224 3309 comicus
1286 3246 1479 3326 (haud
1530 3247 1723 3329 dubie
1786 3248 2078 3308 Cratinus
2122 3248 2187 3307 in
2232 3247 2395 3308 Om-

328 3355 568 3438 phale),
632 3377 858 3416 novam
927 3355 1305 3439 Omphalem
1361 3376 1501 3416 eam
1561 3353 1940 3436 appellabat,
1992 3351 2394 3413 inflexibilem

327 3464 592 3524 Periclis
642 3462 919 3523 animum
962 3471 1332 3546 comparans
1379 3483 1524 3522 cum
1568 3461 1808 3539 Alcide,
1857 3461 1964 3544 qui
2008 3462 2072 3540 in
2103 3460 2396 3520 omnibus

333 3570 782 3631 certaminibus
836 3569 1294 3651 insuperabiliS,
1354 3568 1517 3645 telis,
1580 3588 1742 3650 quae
1783 3569 1979 3628 Amor
2021 3567 2086 3626 in
2128 3576 2397 3648 pectora

333 3678 466 3739 eius
512 3675 929 3752 iaculabatur,
974 3674 1230 3734 omnino
1271 3675 1472 3746 victus
1517 3694 1593 3735 eo
1639 3673 1954 3756 pervenit,
2002 3682 2073 3733 ut
2112 3689 2241 3754 per
2278 3673 2395 3732 ali-

336 3783 510 3868 quod
575 3793 822 3866 tempus
875 3804 1124 3843 servum
1182 3792 1399 3865 ageret
1459 3780 1628 3864 apud
1692 3779 2072 3863 Omphalen,
2120 3780 2398 3854 Iardani',

333 3890 570 3973 Lydiae
643 3891 805 3973 regis
873 3890 1085 3966 filiam,
1172 3899 1360 3973 atque
1421 3886 1598 3948 luteo
1663 3908 1877 3964 socco,
1941 3886 2396 3964 calceamento,

333 3998 508 4059 cuius
573 4020 739 4075 usus,
801 4010 946 4058 cuni
1014 3995 1183 4079 apud
1236 3997 1403 4057 viros
1441 3993 1817 4077 plerumque
1877 3993 1957 4053 ad
2003 4003 2398 4054 venustatem

334 4117 398 4169 et
455 4107 783 4169 ambitiose
830 4104 1174 4188 quaesitam
1218 4102 1592 4188 elegantiam
1634 4109 1970 4187 spectaret,
2026 4098 2397 4162 mulieribus

3098 368 3111 603 -—-.·n.-rffi=;-fl·..
3097 334 3111 359 ΠΙ·
