3119 5087
330 615 568 668 matam
640 606 990 670 invenimus
1058 590 1229 674 hanc
1279 615 1695 709 sententiam.
1739 611 2253 701 quandoquidem
2320 615 2386 677 in

328 713 706 798 Epicharmi
747 717 975 780 fabulis
1018 738 1147 781 non
1188 720 1457 805 impetus
1498 722 1737 785 fiebant
1789 723 1854 784 in
1892 723 2163 807 singulos
2198 723 2387 799 cives,

330 822 447 883 sed
510 833 877 907 argumenta
929 825 1138 910 potins
1194 848 1231 889 e
1271 815 1658 912 mythologia
1700 828 2258 912 depromebantur,
2302 830 2392 890 ita

334 938 407 990 ut
452 929 557 990 illa
605 930 939 993 comoedia
968 931 1245 1017 &similior
1298 930 1590 995 videatur
1629 935 1899 1018 satyrico
1945 922 2234 1012 dramati,
2276 956 2392 996 cu·-

212 1109 223 1121 ‚
337 1033 431 1096 ius
471 1046 699 1098 tamen
751 1037 995 1100 chorus'
1024 1038 1260 1124 Satyris
1304 1041 1653 1131 constabat,
1702 1062 1847 1102 cum
1871 1039 2240 1126 Epicharmi
2272 1061 2392 1102 co-

331 1140 649 1219 moediae,
690 1143 871 1226 quod
913 1144 1436 1208 verisimillimum
1479 1157 1592 1224 est,
1652 1148 1850 1209 choro
1896 1150 2157 1216 omnino
2210 1170 2394 1211 care-

328 1256 495 1308 rent.
596 1248 687 1310 Ex
744 1250 1030 1335 catalogo
1091 1252 1449 1314 fabularum
1504 1249 1870 1338 Epicharmi
1932 1255 2101 1338 apud
2165 1255 2393 1315 Fabri-

332 1353 504 1415 cium
562 1365 628 1416 et
676 1357 912 1439 passim
970 1378 1043 1420 ex
1097 1356 1463 1443 fragmentis
1510 1360 1663 1422 licet
1707 1360 1965 1421 omnino
2014 1358 2390 1444 intelligere,

331 1483 496 1545 quae
569 1461 651 1523 de
711 1484 930 1526 earum
979 1476 1348 1548 argumento
1411 1465 1708 1538 diximus;
1798 1465 2117 1549 quomodo
2182 1476 2393 1528 autem

327 1567 408 1629 H.
459 1569 774 1631 Harlesius
828 1570 940 1650 (de
986 1571 1372 1656 Epicharmo
1412 1595 1477 1656 p.
1533 1576 1658 1650 44.)
1723 1593 1793 1634 ex
1840 1567 1997 1632 'loco
2040 1570 2393 1634 Aristotelis

327 1675 509 1737 Poet.
549 1676 635 1736 -V.
700 1679 757 1739 5.
815 1674 1269 1759 Epicharmum
1327 1676 1394 1756 in
1454 1678 1684 1739 fabulis
1740 1678 1862 1738 suis
1931 1687 2301 1761 argumenta
2356 1670 2423 1740 e¹

328 1772 720 1865 mythologie
794 1779 1072 1844 hausisse
1128 1783 1428 1867 colligere
1489 1783 1794 1867 potuerit,
1873 1774 2113 1846 dicens*
2148 1781 2395 1863 μύθυυς

263 1880 271 1895 ’
329 1894 531 1949 ποιεῖν
573 1907 704 1948 esse
748 1884 836 1964 id,
884 1888 1058 1970 quod
1097 1889 1326 1949 fabulis
1371 1910 1441 1950 ex
1480 1875 1747 1951 historia
1788 1888 2056 1950 deorum
2088 1890 2394 1951 heroum-

332 2013 456 2076 que
519 1993 818 2056 desumtis
878 1994 974 2055 uti
1034 1994 1115 2055 ad
1176 1995 1619 2079 componenda
1683 1995 2159 2058 comoediarum
2203 2019 2394 2081 argu-

333 2108 550 2158 menta
611 2109 801 2185 atque
859 2102 996 2174 fi1a;
1040 2124 1168 2186 quo
1226 2102 1365 2165 iure
1421 2114 1759 2187 praeterea
1821 2103 1918 2166 cl.
1943 2089 2394 2175 'Hermannum

335 2204 812 2287 reprehendere
857 2218 1149 2287 conetur,
1195 2209 1367 2293 quod
1410 2209 1451 2277 l.
1488 2231 1543 2270 c.
1589 2213 1827 2288 „iustas
1846 2211 2160 2289 fabulas“
2198 2211 2394 2273 latine

337 2312 623 2390 verterit,
686 2306 1038 2397 intelligere
1096 2314 1393 2400 equidem
1426 2315 1687 2376 omnino
1737 2337 1862 2375 non
1909 2337 2181 2395 possum.
2265 2317 2394 2379 Po-

335 2424 460 2476 test
502 2417 672 2482 enim
714 2418 792 2480 de
836 2422 1130 2484 vocabuli
1171 2420 1378 2502 μῖθυς
1420 2421 1592 2505 apud
1639 2419 2039 2482 Aristotelem
2081 2421 2395 2505 significa-

337 2523 633 2587 tioneeo
685 2527 889 2591 minus
923 2552 1054 2594 esse
1088 2529 1546 2607 controversia,
1590 2550 1716 2613 quo
1754 2527 1822 2590 id
1859 2526 2103 2613 saepius
2139 2527 2392 2612 legitur,

336 2640 403 2692 et
445 2653 575 2714 quo
613 2637 970 2698 accuratius
1010 2639 1090 2699 ab
1135 2637 1273 2722 ipso
1319 2656 1562 2698 summo
1601 2630 1983 2721 philosopho
2028 2636 2390 2718 explicatur.

334 2745 592 2807 Scilicet
644 2744 966 2808 Aristoteli
1026 2731 1120 2807 est
1172 2738 1381 2824 μῦθὸς
1442 2744 1484 2804 i.
1544 2766 1606 2826 q.
1671 2763 1786 2804 nos
1844 2741 2143 2803 dicimus:
2213 2741 2392 2819 Stoff‚

332 2848 612 2935 πράξεως
654 2850 920 2935 μίμησις
962 2852 1172 2932 (Poet.
1216 2852 1325 2912 Vl.
1371 2854 1477 2928 8.),
1522 2845 1814 2923 σύνθτσις
1843 2848 1968 2911 τῶν
1997 2843 2397 2931 πρακνμάτων.

336 2959 637 3021 Ceterum
692 2961 818 3023 hoc
875 2958 1122 3045 mythos
1181 2958 1247 3018 in
1309 2956 1712 3018 comoediam
1752 2955 2073 3018 referendi
2118 2954 2396 3017 studium

331 3066 611 3128 Athenas
667 3065 1085 3152 permanavit,
1141 3064 1252 3124 ubi
1309 3063 1550 3140 CrateS,
1616 3072 1808 3146 poeta
1874 3063 2175 3140 comicus,
2235 3061 2395 3147 Epi-

335 3173 668 3234 charmum
726 3174 1025 3250 imitatus,
1088 3179 1460 3254 argumenta
1509 3191 1544 3231 e
1597 3168 1985 3253 mythologia
2043 3166 2267 3231 hausta
2326 3170 2393 3231 in

331 3281 577 3344 fabulas
617 3278 894 3343 traduxit
939 3278 1021 3340 ad
1065 3295 1293 3362 easque
1329 3275 1682 3336 accuratius
1727 3273 2247 3337 accommodavit.

394 3397 421 3466 ³,
494 3388 615 3450 Hic
658 3389 796 3449 fere
840 3395 1035 3447 status
1082 3382 1448 3446 comoediae
1493 3381 1614 3442 fuit
1655 3380 1914 3442 Athenis
1958 3380 2129 3445 circa
2172 3377 2397 3469 Olym-

332 3494 590 3579 piadem
658 3493 1180 3578 septuagesimam
1218 3490 1540 3575 quintam,
1609 3487 1814 3549 tenuis
1873 3498 2048 3550 certe
2110 3498 2175 3550 et
2241 3490 2393 3551 levis

334 3601 660 3664 momenti.
783 3598 1337 3679 Quemadmodum
1410 3618 1565 3658 vero
1639 3594 1979 3682 Aeschylus
2067 3597 2393 3659 uberrima

333 3709 641 3770 sermonis
672 3707 892 3791 copia,
936 3705 1119 3791 lyrici
1161 3704 1412 3788 spiritus
1456 3690 1720 3763 audacia
1762 3702 2107 3785 eximiaque
2157 3703 2222 3763 in
2252 3726 2392 3765 mo-

330 3815 508 3877 ribus
556 3814 1002 3879 adumbrandis
1043 3814 1274 3875 virtute
1332 3810 1726 3895 tragoediam
1775 3832 1848 3873 ex
1883 3808 2192 3872 mediocri
2234 3832 2392 3894 pro..

332 3944 512 3983 cessu
570 3922 653 3983 ad
709 3944 1021 3983 summum
1070 3941 1275 4004 paene
1317 3919 1632 4000 fastigium
1675 3917 1910 3994 extulit,
1957 3916 2045 3977 sic
2098 3917 2389 3979 Cratinus

332 4029 426 4090 sui
488 4029 730 4112 ingenii
786 4028 1171 4117 praestantia
1214 4026 1614 4092 comoediam
1654 4025 1961 4110 insignem
2004 4022 2286 4087 reddidit
2327 4035 2392 4087 et

331 4135 740 4202 luculentam.
