3119 5087
1464 379 1993 448 -1002—

714 575 782 626 et
820 565 1083 648 trigonis
1110 570 1196 626 nt
1235 562 1344 625 illa
1374 560 1696 626 'Athenaei
1739 585 1812 625 ex
1854 572 2069 626 nostra
2111 558 2324 623 fabula
2363 559 2617 624 laudata
2653 561 2767 627 de-

697 681 1064 734 :monstrant
1105 664 1213 737 IV.
1254 692 1317 755 p.
1367 675 1499 736 1³8.
1539 673 1649 732 F.=

968 842 977 853 ,
1032 769 1142 852 ‘'0ae,-
1184 777 1392 853 καλῶς
1428 775 1546 857 μὲν
1585 771 1946 856 τυμπανιζει

1031 882 1170 949 Καὶ
1207 880 1537 962 διαψάλλει
1575 878 1913 967 τριγώνοις.

708 993 1005 1056 Coronae
1050 992 1117 1053 in
1163 990 1484 1053 sacrificiis
1524 991 1790 1052 usitatae
1829 988 2069 1052 mentio
2120 988 2192 1050 fit
2235 986 2406 1072 apud
2447 1006 2763 1071 gramma-⁴·

702 1099 903 1161 ticum
967 1099 1033 1160 in
1089 1098 1358 1161 Bekkeri
1417 1096 1655 1160 Anecd.
1718 1098 1829 1159 Gr.
1872 1116 1937 1180 Ρ.
1978 1115 2120 1180 477.
2164 1099 2222 1159 8.
2328 1093 2762 1158 Vehementer

701 1216 991 1291 potatum
1032 1224 1166 1269 esse
1209 1205 1538 1268 declarant
1575 1204 1646 1265 hi
1684 1224 1935 1267 versus·

857 1305 1038 1376 ”Am.
1080 1311 1385 1393 ἐξομελεῐς
1424 1334 1503 1390 με
1541 1310 1647 1374 ναί
1679 1310 1773 1391 μά
1811 1313 1926 1392 τὴν
1972 1301 2354 1392 ἇμυγδαλῆν,

704 1418 875 1504 apud
935 1417 1183 1481 Aelium
1241 1417 1679 1480 Herodianum
1740 1414 1887 1501 περι
1937 1439 2080 1498 μον.
2117 1413 2266 1493 λέξ.
2321 1417 2384 1477 in
2452 1406 2750 1477 Dindorl'.

586 1526 593 1541 ¹
701 1529 1077 1588 Grammatt.
1133 1528 1245 1587 Gr.
1292 1530 1355 1590 6.
1397 1544 1495 1605 24.
1543 1530 1611 1586 et

849 1627 1115 1699 Ἀνόσια
1156 1630 1380 1713 πάσχω
1421 1631 1640 1710 ταῦτα,
1683 1628 1790 1694 ναΐ
1827 1632 1921 1712 μᾶ
1958 1630 2071 1706 τὰς
2114 1624 2409 1714 Νύμφας,

859 1739 1116 1804 Πολλοὶ
1151 1739 1270 1822 μὲν
1317 1731 1432 1803 οὖν
1472 1738 1701 1817 δίκαια,
1743 1736 1849 1802 ναὶ
1881 1739 1974 1818 μὰ
2010 1738 2125 1820 τῆν
2167 1735 2472 1820 κράμβην.

690 1840 924 1908 Athen.
965 1848 1073 1910 lx.
1123 1854 1261 1931 370.
1303 1847 1375 1910 B.
1412 1847 1716 1908 Priscian.
1748 1845 1827 1907 de
1854 1854 2039 1906 metr.
2070 1843 2327 1905 comicis
2349 1866 2414 1926 p.
2442 1847 2613 1910 1328.
2655 1861 2749 1906 η.

694 1954 797 2017 ed.
839 1952 1098 2016 Putsch.
1146 1964 1212 2016 et
1240 1953 1385 2016 illae
1415 1953 1689 2037 denique
1725 1951 2203 2014 exclamationes
2229 1950 2417 2013 ebriis
2445 1952 2749 2012 usitatae:

1181 2054 1363 2138 Εὖαί,
1405 2057 1596 2142 σαβάι
1606 2059 1641 2121 ,1

691 2167 781 2228 Io.
841 2165 1240 2229 Alexandrin.
1304 2168 1542 2231 Τονικά
1596 2163 2092 2251 παραγγέλματα.
2154 2165 2255 2233 ed.
2305 2164 2602 2227 Dindorf.
2646 2169 2745 2230 36.

690 2270 791 2340 ,ι’6.
871 2273 1290 2336 ‘comoediam
1330 2294 1485 2336 vero
1539 2275 1922 2358 completam
1958 2276 2146 2337 fuisse
2189 2273 2455 2336 cuiusvis
2500 2273 2744 2356 generis

687 2378 935 2463 flagitiis
991 2380 1320 2443 declarant
1372 2381 1532 2442 haec
1591 2381 1781 2464 apud,
1820 2372 2169 2443 Lucianum
2217 2381 2455 2443 advers.
2504 2381 2743 2442 indoct.

689 2508 747 2549 c.
786 2507 886 2572 27.
929 2490 1005 2551 T.
1051 2488 1155 2549 III.
1202 2509 1266 2571 p.
1314 2507 1448 2553 ηπ.
1496 2487 1598 2551 ed.
1633 2490 1844 2551 Reitz=
1899 2489 2025 2553 Τῦν
2066 2488 2133 2553 δὲ
2155 2482 2614 2573 Ἀριστοφάνην
2637 2484 2747 2549 καί

685 2596 801 2658 τδν
868 2587 1146 2659 Εὔπολιν
1203 2591 1619 2670 ὕποὸέδυκας;
1696 2591 1963 2679 ἀνέγνως
2036 2591 2144 2658 καὶ
2190 2600 2304 2671 τὰς
2351 2590 2611 2668 Βάπτας
2664 2593 2735 2654 τᾶ

686 2701 897 2782 δρᾶμα
958 2696 1145 2783 Saum,-
1202 2695 1311 2769 εἶτ’
1355 2699 1538 2767 οὐδέν
1578 2726 1683 2767 σοι
1723 2697 1905 2767 τάκεῖ
1936 2701 2218 2767 καθίκετο
2262 2693 2399 2765 οὐδ’
2439 2694 2743 2785 ἠρυθρία-

686 2830 804 2883 σας
841 2804 1151 2894 γνώρισας
1191 2803 1387 2889 αὐτάς

847 2918 919 2977 In
974 2917 1186 3001 Raptis
1244 2917 1559 2980 Chaereas
1611 2917 2154 3002 perstringebatur
2196 2916 2428 2995 (Schol.
2478 2914 2559 2977 ad
2596 2914 2740 2975 Ari-

680 3022 889 3108 steph.
940 3023 1133 3107 Vesp.
1190 3028 1354 3101 685.)
1422 3034 1487 3087 et
1549 3023 1925 3103 Alcibiades,
1988 3025 2164 3085 cuius
2205 3026 2332 3085 vita
2374 3024 2736 3083 inconstans

676 3141 748 3194 et
790 3130 1113 3214 impietate
1156 3129 1479 3213 inquinata
1518 3132 1664 3191 satis
1706 3139 1856 3192 nota
1900 3140 1992 3192 est
2034 3151 2103 3190 ex
2137 3127 2472 3190 Plutarchi'
2500 3127 2740 3189 descri-

677 3238 921 3320 ptione.
1002 3240 1206 3300 Locos
1246 3238 1473 3300 multos
1509 3238 1763 3323 collegit
1796 3238 2148 3301 Boeckhius
2178 3237 2240 3297 in
2270 3235 2469 3298 libro:
2497 3236 2736 3297 Staats—

673 3343 985 3406 haushalt.
1032 3343 1147 3405 der
1188 3343 1471 3406 Athener
1510 3346 1555 3405 Ι.
1598 3367 1663 3428 p.
1706 3350 1847 3411 315.
1893 3345 1987 3406 Cf.
2031 3343 2256 3405 Athen.
2308 3344 2447 3403 XII.
2489 3364 2553 3425 p.
2592 3347 2729 3422 334.

672 3450 967 3511 Insanum
1026 3450 1156 3512 eius
1215 3450 1545 3513 libidinem
1605 3453 1851 3513 comico
1910 3451 2038 3513 sale
2092 3437 2426 3534 perfricuit
2468 3450 2729 3533 Eupolis

672 3557 738 3619 in
783 3556 1098 3619 Parasitis.
1142 3558 1369 3619 Athen.
1420 3560 1558 3620 XII.
1603 3562 1739 3623 535.
1783 3560 1853 3628 A,
1891 3560 2058 3622 Plut.
2101 3558 2301 3620 Alcih.
2347 3579 2403 3619 c.
2445 3559 2614 3620 XIII.

831 3660 1081 3724 Pericle
1141 3684 1410 3725 summas
1471 3664 1568 3725 rei
1612 3665 1907 3748 publicae
1949 3664 2425 3727 Atheniensium
2468 3655 2727 3729 tenente

667 3767 908 3854 sem-ina
950 3769 1242 3831 interitus
1287 3779 1352 3832 et
1388 3771 1701 3856 perniciei
1742 3793 1978 3857 sparsa,
2034 3781 2179 3836 orto
2217 3772 2393 3836 bello
2445 3772 2725 3856 Pelopo-

667 3875 922 3938 nesiaco
983 3887 1380 3962 mortuoque.
1423 3878 1674 3941 Pericle
1729 3880 1933 3964 ipsum
1962 3880 2255 3941 fructum
2296 3879 2723 3963 protulerunt.

663 3980 1073 4045 Athenienses
1125 3994 1311 4046 antea
1347 3984 1627 4046 victoriis
1676 3984 2029 4048 clarissimis
2072 3996 2247 4049 terra
2288 3988 2575 4072 marique
2618 4008 2726 4048 re·-

663 4089 930 4175 portatis
984 4087 1257 4153 illustres
1294 4098 1359 4152 et
1399 4088 1625 4175 opibus
1661 4089 1945 4176 undique
1980 4087 2258 4158 collectis
2291 4101 2530 4155 tantam
2565 4090 2726 4154 divi-
