3119 5087
1496 398 1649 453 ,ῌ
1747 398 2039 476 98.-

761 582 1018 652 Othone
1063 587 1380 651 celebrata
1426 589 1711 667 (Sueten.
1756 588 1997 653 Othon.
2039 589 2148 650 vit.
2199 609 2256 670 ρ.
2285 586 2430 650 xli.
2473 587 2824 653 Domitian.

765 720 822 762 c.
875 699 967 773 1.).
1055 695 1431 779 Intelligitur
1470 705 1808 779 praeterea
1846 696 2079 760 horum
2120 694 2569 780 mysteriorum
2606 716 2826 757 sacer-1·
2858 776 2863 780 ι

767 802 951 864 dotes
988 801 1346 864 nominatos
1390 823 1523 864 esse
1564 802 1825 886 Baptas;
1868 801 2142 888 indeque
2182 802 2467 863 fabulam
2491 800 2831 885 Eupolidis
2873 854 2880 860 .

765 910 1137 994 inscriptam
1195 930 1351 986 esse,
1413 910 1750 972 confirmat
1807 920 1984 974 vetus
2051 909 2353 975 Scholion
2401 908 2483 971 ad
2524 905 2837 968 Iuvenalis

767 1017 998 1081 verba:
1032 1009 1455 1099 „Cecropiam
1481 1016 1649 1078 soliti
1673 1016 1933 1100 Baptae]
1960 1019 2222 1100 Baptae,
2250 1014 2470 1079 titulus
2504 1012 2675 1091 libri,
2706 1034 2837 1096 quo

768 1123 1076 1206 impudici
1132 1122 1581 1185 describuntur
1642 1123 1720 1184 ab
1772 1122 2113 1207 Eupolide,
2176 1123 2286 1207 qui
2348 1121 2592 1185 induxit
2640 1119 2842 1181 Athe-

770 1231 1020 1292 nienses
1090 1229 1169 1291 ad
1241 1229 1658 1292 imitationem
1709 1228 2090 1291 feminarum
2153 1228 2476 1290 saltantes.
2576 1228 2842 1287 Lassare

772 1337 1123 1419 psaltriam]
1184 1332 1444 1418 Baptae,
1503 1356 1656 1419 ergo
1718 1334 1961 1412 molles,
2023 1355 2149 1417 quo
2188 1333 2376 1395 titulo
2420 1332 2684 1417 Eupolis
2730 1348 2869 1391 co-·

775 1442 1094 1513 moediam
1155 1442 1423 1525 scripsit,
1485 1442 1568 1503 ob
1630 1463 1819 1526 quam
1882 1441 1961 1502 ab
2023 1438 2373 1517 Alcibiade,
2425 1461 2616 1522 quem
2656 1459 2850 1520 prae-

760 1551 966 1631 ,cipue
1010 1549 1392 1630 perstrinxit,
1444 1557 1704 1610 necatus
1748 1553 1905 1610 est.“
1947 1548 2245 1610 -Sacra
2289 1556 2487 1608 noctu
2530 1543 2855 1605 celebrata

780 1656 968 1735 fuisse
1013 1654 1340 1716 declarant
1382 1656 1577 1716 verba
1617 1669 1849 1716 secreta
1894 1654 2091 1717 taeda
2130 1675 2215 1715 sc.
2269 1654 2364 1714 ad
2392 1654 2733 1740 extinctam
2755 1651 2856 1712 Iu-

782 1782 1049 1836 cernam,
1095 1761 1267 1843 quod
1305 1761 1608 1822 Martialis
1650 1763 1790 1822 XII.
1835 1766 1934 1840 43.
1984 1760 2138 1824 dixit
2185 1760 2264 1821 de
2308 1751 2619 1821 eiusmodi
2662 1760 2855 1821 rebus

787 1866 1169 1929 libidinosis.
1224 1868 1319 1929 Cf.
1369 1868 1637 1950 interpr.
1682 1865 1764 1928 ad
1805 1867 2082 1931 Iuvenal.
2129 1867 2226 1928 ed.
2275 1865 2582 1930 Henninii
2625 1865 2667 1929 l.
2713 1865 2755 1926 l.
2793 1873 2861 1928 et

774 1973 1084 2038 Politian.
1131 1974 1475 2036 Miscellan.
1521 1975 1676 2039 1.‚c.
1728 1993 1826 2038 ιο.

957 2189 1138 2265 Quae
1194 2205 1341 2249 cum
1402 2185 1486 2247 ita
1545 2186 1689 2263 sint,
1764 2186 2048 2250 nondum
2106 2187 2260 2287 milii
2324 2187 2861 2270 persuasissimum

794 2292 1026 2368 babeo,
1093 2293 1265 2377 quod
1311 2294 1404 2353 cl.
1448 2293 1863 2355 Buttmannus
1910 2295 1974 2354 in
2022 2295 2149 2356 fine
2190 2292 2740 2356 commentationis
2786 2291 2864 2353 de

802 2408 1015 2461 nostra
1064 2399 1279 2465 fabula
1325 2402 1670 2477 constituit,
1714 2423 1860 2463 cum
1902 2400 2114 2484 potius
2156 2421 2257 2461 res
2299 2421 2419 2483 per
2460 2420 2549 2475 se,
2580 2407 2653 2459 ut
2677 2419 2867 2480 supra

801 2507 1115 2567 monitum
1159 2517 1273 2583 est,
1322 2516 1386 2569 et
1431 2517 1720 2569 veterum
1766 2506 2149 2569 documenta
2173 2505 2490 2568 inclinare
2535 2498 2880 2568 videantur'

803 2612 865 2673 in
912 2612 1078 2673 hanc
1123 2614 1534 2676 sententiam:
1603 2614 1859 2696 Cotytto
1903 2623 1972 2675 et
2011 2636 2192 2676 sacra
2231 2613 2458 2676 habuit
2498 2612 2761 2675 Athenis
2811 2620 2874 2675 et

815 2727 1068 2800 mystaS,
1125 2720 1232 2801 qui
1295 2720 1589 2782 adhibitis
1633 2723 1823 2783 certis
1876 2721 2251 2784 ceremoniis
2301 2720 2457 2781 alios
2500 2720 2596 2782 his
2645 2729 2875 2804 myste-

796 2824 919 2886 sriis
969 2824 1323 2888 initiabant.
1407 2828 1578 2888 Deos
1645 2827 1926 2911 undique
1986 2828 2052 2890 in
2122 2850 2231 2890 sua
2274 2828 2433 2889 urbe
2482 2826 2878 2910 conquisive-

810 2939 957 2993 rant
981 2933 1390 2998 Athenienses
1437 2945 1623 3017 atque
1668 2934 1937 2996 multum
1961 2933 2283 3017 ponderiS,
2327 2932 2593 2995 ut·mihi
2626 2932 2883 3015 quidem

812 3039 1086 3117 videtur,
1123 3040 1318 3105 habet
1349 3042 1730 3104 vocabulum
1777 3042 2093 3123 Cecropia,
2139 3062 2266 3123 quo
2311 3040 2533 3102 doctus
2577 3039 2885 3102 Iuvenalis

817 3149 1020 3217 utitur
1077 3158 1265 3232 atque
1328 3148 1562 3211 diserte
1598 3148 2007 3211 Athenienses
2050 3147 2359 3232 significat
2394 3140 2630 3209 horum
2670 3168 2888 3208 sacro·-

821 3274 963 3316 rum
1004 3262 1492 3338 propagatores3
1564 3276 1769 3338 neque
1809 3254 2116 3316 credibile
2159 3264 2254 3317 est
2296 3254 2542 3342 Synesii
2587 3258 2716 3337 (ep.
2759 3257 2883 3329 32.)

823 3361 1224 3439 sententiam,
1287 3361 1544 3445 Cotytto
1593 3361 1786 3425 fuisse
1829 3363 2006 3448 quasi
2066 3383 2428 3443 supremam
2469 3359 2653 3423 deam
2695 3360 2894 3421 Athe·-

824 3467 1139 3533 niensium
1203 3489 1273 3531 ex
1337 3468 1638 3552 singulari
1679 3469 2005 3551 Eupolidis
2048 3468 2262 3530 fabula
2303 3452 2647 3530 universim
2689 3479 2756 3531 et
2798 3468 2900 3530 di-

829 3573 1057 3636 stinete
1094 3574 1392 3668 traditam
1434 3596 1590 3652 esse,
1636 3575 1755 3635 nisi
1802 3576 1923 3640 alia
1968 3585 2145 3639 certa
2175 3576 2535 3638 testimonia
2568 3586 2715 3640 ante
2744 3597 2903 3637 ocu-

831 3680 924 3744 los
973 3678 1293 3742 habuisset
1335 3690 1581 3742 auctor.
1669 3680 2154 3764 Inscriptionem
2200 3682 2454 3745 fabulae
2500 3704 2571 3744 ex
2605 3682 2752 3766 ipsis
2779 3682 2905 3744 bo-

838 3809 982 3851 rum
1031 3808 1360 3852 sacrorum
1415 3789 1795 3850 ceremoniis
1853 3788 2105 3856 videtur
2149 3790 2437 3852 sumsisse
2479 3799 2695 3873 poeta,
2743 3809 2910 3871 quo-

838 3894 1008 3957 niam
1060 3914 1131 3977 er
1189 3894 1317 3957 ritu
1358 3881 1775 3958 vetustissimo
1835 3896 1899 3958 in
1945 3896 2237 3963 omnibus
2278 3898 2416 3959 fere
2460 3897 2651 3958 sacris
2697 3897 2914 3960 homi-

844 4021 956 4064 nes
986 4000 1433 4067 ,lustrabantur
1465 4001 1803 4080 lavatione,
1841 4025 2032 4086 quem
2068 4013 2281 4070 aetum
2307 4006 2706 4083 καθαρισμὸν
2741 4003 2920 4088 apud

846 4107 1124 4178 Graecos
1193 4108 1256 4178 in
1325 4117 1543 4176 nostra
1606 4119 1840 4176 autem·
1880 4110 2094 4174 fabul-a
2158 4111 2290 4173 sine
2340 4106 2925 4200 dubioflcinrpaemv
