3119 5087
1109 459 1545 529 ...7.-

344 644 421 704 X.
518 643 816 703 Cratinae
886 642 1194 724 Magnetis
1258 643 1501 704 factum
1574 641 1985 704 memorabile
2029 653 2360 705 narratur

516 748 686 832 apud
729 746 1142 809 Plutarchum
1192 746 1271 809 de
1319 748 1416 808 rei
1458 746 1756 831 publicae
1796 747 2358 839 gerendae-:praem

514 859 588 917 T.
628 855 737 921 IX.
779 877 842 937 p.
889 857 1031 919 226.
1073 854 1176 916 ed.
1219 855 1427 917 Reisk.

329 966 439 1025 XI.
518 961 760 1023 Cratini
805 961 993 1039 filiae,
1038 963 1270 1039 IreneS,
1316 962 1606 1025 Clemens
1646 962 2098 1030 Alexandrinus
2131 964 2361 1049 »pictri-

522 1091 627 1131 ces
672 1090 1028 1147 recensens,
1071 1069 1460 1131 mentionem
1500 1069 1672 1130 facit.
1726 1069 1959 1131 strom.
1999 1069 2112 1132 JV'.
2153 1090 2209 1131 c.
2243 1092 2358 1153 2¹9·

452 1178 457 1183 ’
515 1200 581 1260 p.
630 1193 770 1257 224.
807 1179 907 1240 26.

322 1285 461 1344 XII.
522 1280 699 1345 Idem
743 1283 1028 1345 Clemens
1072 1283 1138 1344 in
1181 1282 1641 1347 Cohortatione
1669 1283 1751 1344 ad
1784 1292 2000 1367 gentes
2039 1281 2362 1344 Cratinum

525 1387 842 1473 quandam
898 1388 1185 1451 nominat
1240 1389 1508 1451 amicam
1564 1390 1914 1468 PraxiteliS,
1980 1410 2169 1471 quam
2204 1389 2357 1468 «ille,

521 1518 671 1559 cum
719 1498 985 1563 Veneris
1037 1498 1443 1561 simulacrum
1478 1498 1874 1576 conficeret,-
1895 1518 2086 1582 quam
2123 1497 2357 1582 potuit,

513 1604 892 1667 simillimam
928 1603 1228 1682 reddidit,
1277 1626 1342 1687 p.
1391 1607 1487 1668 ιδ.
1537 1606 1633 1672 ι5.

299 1713 467 1773 XIII.
525 1712 824 1774 Libanius
869 1712 1148 1797 sophista
1190 1711 1454 1773 Cratino
1495 1709 1747 1772 cuidam
1787 1710 2116 1795 epistolam
2158 1730 2360 1771 nona-
2445 1698 2448 1701 ¹

522 1821 820 1905 gesimam
861 1822 1131 1905 primam
1172 1816 1505 1902 inscripsit.

300 1928 470 1993 XIV.
515 1930 701 1994 Plato
762 1929 828 1989 in
892 1927 1157 2011 epistola
1215 1924 1462 1988 decima
1505 1924 1696 1986 tertia
1742 1882 2094 2004 Cratinum,
2135 1918 2358 1984 Timo-

524 2034 659 2097 thei
710 2035 998 2113 fratrem,
1061 2040 1538 2109 commemorat,
1619 2032 1693 2092 T.
1759 2032 1864 2091 III.
1920 2054 1983 2114 p.
2053 2033 2196 2094 362.
2255 2028 2357 2091 cd.

518 2140 742 2225 Steph.

463 2249 613 2310 Sed·
647 2249 773 2309 iam
829 2248 1146 2309 mittamus
1203 2245 1320 2306 hos
1379 2245 1668 2307 Cratinos
1716 2244 2125 2325 Cratinasque
2172 2240 2361 2303 etad

302 2364 589 2416 nostrum
649 2353 977 2415 Cratinum
1041 2351 1162 2412 illis
1220 2351 1510 2414 omnibus
1559 2350 1981 2413 celebriorem
2040 2361 2358 2432 transgre-
2475 2414 2487 2419 ,

305 2462 570 2526 diamur.

307 2715 638 2817 Cratinus,
713 2737 1069 2802 Callimedis
1126 2738 1309 2815 filius7
1369 2734 1763 2802 Atheniensis
1793 2733 1879 2812 *),
1941 2741 2123 2794 natus
2183 2730 2356 2794 circa

305 2852 747 2939 Olympiadem
789 2853 1226 2938 sexagesimam
1263 2851 1545 2935 quintam
1592 2850 1717 2929 (Ol.
1751 2846 1949 2910 va.
1987 2869 2042 2909 ι.
2090 2846 2168 2908 ab
2203 2846 2353 2906 Chr.

305 2964 492 3043 519.),
535 2943 819 3022 mortuus
872 2970 964 3022 est
1002 2958 1175 3020 haud
1210 2957 1402 3021 dubie
1439 2978 1606 3018 anno
1651 2953 1926 3017 secundo
1966 2952 2384 3038 Olympiade

306 3068 728 3151 octogesimae
754 3089 959 3129 nonae
985 3069 1077 3147 (a.
1106 3066 1255 3127 Chr.
1282 3068 1468 3146 422.);
1506 3062 1727 3125 floruit
1764 3062 2111 3124 secundum
2146 3081 2356 3143 gram-

302 3175 682 3237 maticorum
723 3173 1080 3235 testimonia
1125 3171 1500 3256 Olympiade
1544 3169 1925 3254 octogesima
1964 3170 2193 3253 prima,
2232 3192 2357 3253 qua

306 3282 440 3363 ipse
486 3304 631 3343 cum
668 3282 934 3343 Platone
975 3281 1221 3346 comico
1264 3279 1446 3341 simul
1506 3280 1873 3358 nominatur
1916 3288 1982 3340 et
2025 3279 2358 3363 coniungi-¹

309 3397 414 3448 tur
438 3387 562 3464 **)‚
626 3387 773 3448 vixit
832 3388 1024 3470 igitur
1070 3386 1338 3448 florente
1379 3407 1620 3446 summa
1658 3385 2133 3448 Atheniensium
2171 3395 2356 3469 pote-

272 3503 487 3571 ·state,
531 3493 802 3577 aequalis
849 3494 1102 3558 celeber
1105 3493 1275 3555 rimis
1330 3492 1521 3554 totius
1581 3492 1890 3555 Graeciae
1949 3495 2174 3576 poetiS,
2234 3495 2357 3553 Ae-

308 3600 543 3684 schylo,
604 3601 927 3685 Sophocli,
991 3601 1338 3684 Euripidi,
1362 3599 1664 3679 Pindaro,
1728 3598 2057 3677 Simonidi,
2115 3598 2358 3662 Aristo-

288 3709 521 3794 phani,
567 3708 716 3770 aliis·

440 3960 496 4029 *)
533 3960 691 4016 Suid.
733 3982 795 4049 qv.
842 3966 1147 4032 Κρατῖνος.
1242 3961 1490 4019 Eudocia
1550 3963 1611 4019 in
1672 3960 1957 4018 viuoison.
2020 3957 2234 4020 Anecd.
2280 3959 2354 4016 G.

308 4071 363 4130 p.
415 4072 537 4125 271.

442 4168 530 4243 **)
569 4169 769 4226 Euseb.
810 4171 1012 4228 Chron.
1050 4175 1268 4251 p.·131·
1309 4171 1398 4227 ed.
1433 4172 1631 4242 Scalig.
