3119 5087
320 1224 751 1315 comoediam
792 1250 1115 1340 antiquam
1144 1254 1541 1318 Graecorum
1583 1254 1849 1317 maxime
1890 1254 2204 1337 insignem
2233 1252 2383 1317 'esse

318 1375 387 1428 et
441 1365 837 1444 mirabilem,
895 1367 1023 1429 sive
1067 1368 1379 1452 originem
1422 1369 1554 1430 eius
1598 1389 1671 1431 ex
1706 1369 1898 1431 sacris
1938 1366 2174 1431 Bacchi
2220 1369 2386 1429 a'nti-

318 1471 629 1554 quissimis
687 1473 943 1548 ductam
1002 1483 1066 1536 et
1122 1476 1481 1557 profectam
1523 1476 1956 1558 respiciamus,
2001 1476 2137 1537 sive
2172 1458 2387 1535 consi-'-

308 1579 639 1658 daremus,
707 1579 881 1664 quod
940 1581 1152 1642 omnia
1201 1581 1410 1663 poesis
1468 1582 1801 1645 universae
1861 1602 2097 1667 genera
2141 1580 2386 1641 ambitu

319 1706 439 1746 suo
498 1687 992 1770 complectatur,
1053 1696 1231 1751 vetus
1292 1698 1387 1750 est
1445 1677 1662 1771 opinio
1724 1690 1937 1750 multis
1977 1687 2274 1771 exemplis
2319 1695 2388 1747 et

319 1793 609 1855 virorum
651 1793 990 1857 doctorum
1019 1796 1269 1857 firmata
1295 1816 1626 1886 consensu.
1716 1798 2017 1861 Continet
2038 1796 2210 1858 enim
2240 1812 2389 1856 oum

321 1898 615 1960 iocorum
644 1899 1029 1963 deterrimae
1057 1900 1433 1986 plebeculae
1462 1903 1988 1983 obscoenitatem,
2031 1914 2170 1966 tum
2203 1903 2389 1988 lyrici

318 2005 577 2088 spiritus
600 2007 932 2069 audaciam
962 1990 1433 2094 imaginumque
1465 2010 1918 2073 sublimitatem
1938 2013 2073 2095 ipsa
2098 2010 2392 2095 Aeschyli

320 2121 458 2176 arte
505 2115 747 2198 tragica
789 2115 1070 2200 dignam3
1116 2137 1153 2178 e
1192 2117 1519 2196 conviciis,
1572 2118 1801 2202 quibus
1846 2119 2239 2203 potentiores
2273 2115 2393 2177 fla·-

322 2220 515 2305 gellat
579 2232 646 2283 et
708 2243 780 2284 ex
821 2223 1205 2306 argumentis
1250 2245 1411 2307 quae
1460 2223 1655 2285 fidem
1690 2224 2391 2310 historicam-plerum-

318 2349 448 2411 que
506 2328 766 2407 habent,
839 2329 936 2390 rei
995 2330 1292 2414 publicae
1323 2343 1331 2357 ·
1358 2310 1611 2408 statum,
1682 2331 2010 2415 popularis
2059 2332 2389 2416 regiminis

317 2434 703 2497 effrenatam
776 2435 1121 2515 licentiam,
1202 2437 1436 2499 civium
1512 2436 2092 2522 perditissimorum
2176 2456 2389 2497 mores

318 2553 660 2629 corruptos
708 2545 1166 2628 cognoscimus,
1224 2546 1312 2607 ita
1355 2556 1429 2607 ut
1464 2545 1673 2623 Plato,
1734 2538 1994 2607 subtilis'
2018 2545 2125 2608 ille
2160 2543 2392 2605 mentis

318 2648 636 2714 humanae
665 2662 1124 2735 perscrutator,
1169 2653 1476 2738 Dionysio
1514 2651 1821 2732 secundo,
1841 2652 2391 2736 Syracusanorum

319 2765 616 2840 tyranno,
661 2759 745 2819 ad
785 2759 1225 2822 diiudicandos
1267 2760 1749 2825 Atheniensium
1799 2777 2028 2836 mores,
2075 2757 2390 2819 animum-

321 2885 449 2947 que
492 2866 1004 2952 cognoscendum
1047 2876 1332 2930 veterem
1376 2865 1778 2929 comoediam
1823 2862 2167 2926 admodum
2208 2883 2390 2924 com-

319 2970 650 3034 mendasse
684 2974 1120 3056 perhibeatur.
1170 2973 1461 3036 Eandem
1496 2972 1772 3056 denique
1805 2970 2205 3034 comoediam
2237 2990 2391 3030 ora-

317 3076 568 3138 toribus
628 3079 854 3140 futuris
915 3080 1340 3159 Quintilianus
1381 3082 1465 3149 X.
1505 3102 1561 3158 1,
1603 3083 1705 3144 65.
1750 3078 1966 3140 laudat
1999 3078 2100 3139 his
2142 3076 2352 3138 verbis
2371 3098 2390 3134 z

318 3184 596 3269 Antiqua
655 3187 974 3257 comoedia
1026 3209 1209 3272 qaum
1261 3190 1565 3248 sinceram
1622 3187 1796 3247 illam
1851 3188 2145 3247 sermonis
2199 3185 2394 3244 Attici

316 3293 596 3371 gratiam
639 3314 836 3376 prope
890 3295 1027 3354 sola
1085 3296 1320 3368 retinet,
1381 3307 1510 3354 tum
1529 3294 2025 3373 facundissimae
2068 3292 2391 3367 libertatis,

320 3399 434 3456 etsi
462 3399 828 3460 insectandis
862 3402 1016 3461 vitiis·
1036 3402 1397 3484 praecipua,
1425 3400 1694 3483 plurium
1729 3413 1935 3460 tamen
1963 3400 2178 3460 virium
2203 3400 2393 3457 ετὶαηι

297 3503 386 3562 in
443 3507 652 3564 ceteris
683 3506 972 3588 partibus
1008 3507 1223 3570 imbec.-
1314 3508 1482 3568 Nam
1538 3519 1595 3566 et
1635 3505 1899 3586 grandis
1942 3518 2000 3564 et
2047 3505 2291 3583 elegans
2333 3517 2393 3563 et

321 3625 566 3673 vemcsta
625 3627 683 3675 et
743 3616 937 3674 nescio
991 3635 1080 3675 an
1131 3614 1244 3675 illa
1297 3644 1382 3661 —-
1438 3626 1551 3673 aut
1607 3612 1864 3672 similior
1920 3614 2000 3674 sit
2037 3612 2393 3672 oratoribus

317 3730 431 3779 atet
468 3720 565 3780 ad
602 3734 884 3809 oratores
905 3720 1245 3801 faciendos
1293 3722 1526 3803 aptior.
1601 3739 1610 3746 ·

487 3828 711 3910 Ingens
742 3838 881 3890 erat
915 3828 1087 3912 apud
1123 3828 1404 3889 Graecos
1437 3846 1738 3888 numerus
1773 3841 2023 3902 eorum,
2073 3824 2181 3908 qui
2213 3822 2396 3906 poesi

319 3932 604 3996 comicae
676 3934 1059 3997 excolendae
1137 3949 1429 4017 operam*
1477 3931 1953 4016 impenderunt.
2051 3930 2397 4000 Exstabant

320 4039 511 4116 euim,
580 4041 631 4101 si
687 4041 1085 4125 grammatici
1137 4040 1434 4125 anonymi
1476 4038 1842 4101 testimonio
1885 4038 1953 4098 in
1994 4035 2397 4121 praefatione

320 4144 401 4206 ad
432 4147 911 4221 comoediarum
941 4146 1376 4231 Aristophanis
1416 4146 1766 4238 editionem
1800 4145 2063 4210 Kusteri
2104 4142 2395 4227 apposito

1963 4243 2010 4306 ¹:
2027 4321 2040 4336 x
