3119 5087
711 553 793 639 Si
851 580 1207 639 accuratius
1270 578 1336 640 in
1388 578 1749 641 fabularum
1812 582 2052 643 Cratini
2115 581 2367 643 indices·
2393 579 2767 665 inquirimus

715 714 1063 777 earumque
1107 703 1494 777 argumenta,
1538 705 1845 778 quantum
1882 696 2025 757 fieri
2054 706 2262 779 potest
2290 696 2768 779 perlustramus,

714 800 954 861 collatis
1004 799 1096 877 iis,
1141 821 1302 883 quae
1343 800 1681 883 poetaedn
1722 801 2016 863 dramatis
2047 803 2324 887 satyricis
2361 816 2769 885 usurparunt,

714 907 876 995 mira
933 905 1243 990 quaedam
1304 907 1471 968 inter
1529 917 1869 990 utrumque
1916 929 2107 990 genus
2154 894 2586 973 dramaticum'
2616 911 2776 970 oriri

715 1013 971 1074 videtur
1010 1013 1374 1074 coniunctio
1396 1036 1437 1083 ;‚
1472 1035 1659 1096 saepe
1701 1015 1870 1074 enim
1913 1008 2293 1096 argumentis
2323 1037 2356 1075 e
2386 1015 2776 1098 mythologia

718 1121 935 1180 sumtis
981 1121 1067 1180 ita
1111 1141 1254 1180 usus
1298 1129 1390 1180 est
1429 1130 1624 1202 poeta
1664 1129 1900 1196 noster,
1960 1130 2032 1180 ut
2072 1120 2371 1202 neglectis
2415 1143 2563 1183 suae
2603 1133 2779 1183 aeta-

678 1262 685 1271 ι
718 1227 794 1286 tis
841 1226 1125 1293 ludibriis
1168 1235 1415 1285 tantum
1454 1225 1729 1302 fabulae,
1775 1247 1963 1307 quam
2003 1225 2399 1287 tractandam
2425 1228 2544 1289 sibi
2588 1227 2781 1309 elegit

722 1332 1056 1393 consilium
1113 1340 1479 1413 persecutus
1542 1351 1672 1392 esse
1729 1330 2164 1412 perhibeatur.
2268 1334 2396 1392 Iam
2437 1343 2510 1393 ut
2550 1334 2783 1395 iustam

723 1437 1113 1503 diiudicandi
1151 1438 1318 1499 viam
1370 1436 1799 1519 ingrediamur
1839 1436 1904 1495 in
1935 1435 2356 1519 disputatione
2389 1437 2468 1499 de
2491 1437 2587 1498 his
2619 1438 2785 1500 duo·-

721 1545 840 1606 bns
885 1545 1033 1607 artis
1080 1544 1464 1605 dramaticae
1515 1544 1850 1627 generibus
1892 1564 2098 1625 neque
2140 1543 2305 1604 iusto
2351 1544 2582 1605 arctius
2621 1566 2780 1605 con-

723 1650 1056 1735 iungendis
1120 1672 1328 1733 neque
1375 1650 1543 1711 nitra
1584 1651 1735 1709 fines
1782 1649 2204 1727 secernendiS,
2257 1649 2418 1710 haec
2458 1636 2783 1712 momenta

706 1756 1117 1841 potissimum
1176 1755 1573 1840 respicienda
1629 1756 1824 1818 sunt.
1875 1756 1959 1817 Et
2000 1756 2366 1817 comoediae
2409 1765 2471 1817 et
2513 1755 2784 1817 dramati
2863 1840 2868 1845 .

726 1863 996 1947 satyrico
1056 1864 1450 1924 Graecorum
1510 1863 1860 1924 communis
1919 1872 2014 1923 est
2068 1851 2355 1944 parodia,
2402 1885 2525 1946 qua
2565 1873 2781 1924 tamen

729 1969 977 2031 diverso
1021 1967 1211 2028 modo
1255 1977 1540 2030 utuntur.
1638 1968 1982 2031 Comoedia
2026 1978 2466 2051 argumentum
2508 1969 2629 2030 sibi
2667 1993 2787 2053 pa·-

727 2084 831 2137 rat
889 2072 1209 2134 ludicrum
1260 2083 1450 2157 atque
1514 2075 1790 2135 facetum
1852 2073 1918 2135 in
1975 2074 2164 2135 rebus
2220 2074 2378 2134 fictis
2435 2074 2783 2162 plurimum

731 2179 1083 2257 consistensx
1120 2188 1185 2239 ct
1224 2177 1289 2238 in
1331 2179 1681 2241 imitatione
1726 2178 2151 2241 deteriorum:
2212 2190 2276 2241 at
2320 2200 2448 2241 non
2489 2180 2555 2240 in
2610 2179 2782 2240 omni

730 2308 963 2371 genere
1004 2285 1141 2348 vitii
1183 2284 1295 2362 sed
1336 2286 1743 2369 turpitudinis
1789 2286 1883 2370 (τὸ
1913 2280 2235 2369 αἰσχρὸν),
2279 2289 2454 2346 cuius
2496 2308 2644 2370 pars
2690 2297 2785 2349 est

730 2392 1090 2454 ridiculum.
1208 2392 1383 2452 Haec
1451 2391 1796 2468 sententia,
1852 2412 2016 2474 quae
2095 2402 2230 2454 tota
2274 2382 2448 2461 ‘feres
2478 2392 2653 2461 fluxit
2711 2415 2782 2453 ex

728 2499 1077 2562 Aristotelis
1106 2497 1324 2577 (Poet.
1349 2497 1434 2560 V.
1477 2499 1565 2576 ι.)
1607 2479 2169 2583 argumentatione,
2213 2489 2523 2581 integrior
2560 2500 2631 2559 fit
2677 2499 2787 2586 ad·-

732 2607 864 2668 dita
922 2605 1335 2688 explicatione
1370 2604 1573 2664 ¹huius
1630 2604 1818 2688 ipsius
1871 2604 2253 2688 philosophi,
2296 2605 2410 2688 qui·
2444 2604 2784 2666 ridiculum

728 2713 912 2799 ponit
977 2712 1043 2773 in
1105 2732 1326 2774 errore
1369 2710 1647 2793 quodam
1697 2721 1761 2772 et
1795 2712 2189 2794 turpitudine
2232 2711 2466 2772 doloris
2508 2720 2786 2793 experte,

728 2819 927 2882 veluti
964 2818 1174 2880 statim
1229 2838 1518 2902 persona
1548 2816 1818 2878 ridicula
1857 2827 2046 2901 turpe
2094 2817 2247 2901 quid
2286 2818 2366 2878 sit
2410 2826 2476 2878 et
2523 2825 2788 2877 contor—

728 2936 869 2987 tum
924 2924 1057 2986 sine
1126 2922 1366 2983 dolore.
1460 2922 1737 2995 Parodia
1795 2923 2162 2986 comoediae
2226 2924 2293 2984 in
2354 2945 2431 2988 eo
2481 2920 2787 2997 consistit,

730 3042 806 3092 ut
865 3022 1192 3105 materiae,
1256 3047 1699 3114 quamcunque
1756 3038 2008 3107 tractat,
2070 3029 2336 3098 deorum
2389 3029 2787 3111 heroumque

729 3140 974 3199 fabulas
1016 3137 1254 3204 inserat
1293 3136 1759 3228 sententiasque
1801 3114 2136 3220 poetarum
2177 3137 2580 3220 tragicorum,
2633 3158 2786 3220 quas

730 3245 821 3304 illi
864 3243 1028 3304 serio
1074 3254 1138 3305 et
1180 3266 1325 3332 cum
1365 3243 1427 3305 vi
1474 3241 1749 3326 quadam
1788 3242 2214 3326 protulerunt,
2252 3243 2332 3303 ad
2357 3242 2789 3306 recentiorum

638 3389 645 3396 -
730 3360 1095 3433 temporum
1135 3372 1232 3411 res
1275 3345 1467 3432 saepe
1505 3331 1852 3410 deteriores
1895 3348 2250 3426 transferat,
2295 3349 2380 3409 ita
2421 3347 2655 3425 tamen,
2694 3358 2785 3425 ut,

731 3479 879 3518 cum
922 3477 1107 3539 saepe
1153 3456 1216 3515 in
1260 3456 2025 3539 tragicorum-poetarum
2064 3454 2217 3516 locis
2260 3456 2350 3515 nil
2390 3454 2556 3533 insit,
2614 3453 2787 3538 quod

731 3561 1209 3645 reprehendere
1255 3551 1496 3645 possisj
1518 3561 1889 3623 comoediae
1922 3561 2210 3644 scriptor
2244 3583 2372 3621 non
2414 3569 2632 3622 utatur
2653 3550 2788 3622 tra-
2823 3629 2830 3637 ,

729 3668 853 3751 gici
896 3668 1199 3734 sermonis
1244 3667 1554 3751 exempliS,
1619 3651 1766 3750 quia
1803 3688 1924 3750 per
1964 3688 2028 3728 se
2073 3645 2603 3751 aliquid'ridiculi
2634 3690 2791 3728 con-

727 3774 955 3850 tinent,
1024 3796 1214 3856 quam
1264 3774 1475 3857 potius
1541 3773 1714 3856 quod
1754 3772 2219 3835 sublimioribus
2264 3784 2327 3838 et
2367 3771 2790 3834 deterioribus

731 3880 988 3942 diversis
1033 3880 1226 3964 igitur
1266 3882 1428 3942 miro
1470 3880 1662 3941 modo
1710 3881 1877 3971 inter
1918 3902 1983 3941 se
2029 3880 2228 3944 mixtis
2280 3880 2624 3964 additoque
2666 3882 2790 3941 toti

730 3988 1078 4052 sententiae
1128 3988 1357 4050 comici
1399 3985 1629 4048 coloris
1671 3997 2197 4069 temperamento,
2242 3987 2574 4048 consiliu-m
2611 4006 2796 4046 suum

731 4093 974 4176 assequi
1020 4105 1307 4157 conatur.
1396 4095 1610 4157 Genus
1655 4093 1907 4157 dicendi
1951 4093 2120 4162 enim
2159 4094 2223 4154 in
2249 4094 2581 4157 comoedia
2602 4114 2794 4154 usur-
