<?xml version="1.0" encoding="UTF-8"?>
<!DOCTYPE html PUBLIC "-//W3C//DTD XHTML 1.0 Transitional//EN"
    "http://www.w3.org/TR/xhtml1/DTD/xhtml1-transitional.dtd">
<html xmlns="http://www.w3.org/1999/xhtml" xml:lang="en" lang="en">
 <head>
  <title>
</title>
<meta http-equiv="Content-Type" content="text/html;charset=utf-8" />
  <meta name='ocr-system' content='tesseract 3.04.00' />
  <meta name='ocr-capabilities' content='ocr_page ocr_carea ocr_par ocr_line ocrx_word'/>
</head>
<body>
  <div class='ocr_page' id='page_1' title='image "./cratinuseteupol00rhengoog_0091.png"; bbox 0 0 3119 5087; ppageno 0'>
   <div class='ocr_carea' id='block_1_1' title="bbox 1119 345 1607 465">
    <p class='ocr_par' dir='ltr' id='par_1_1' title="bbox 1119 345 1607 465">
     <span class='ocr_line' id='line_1_1' title="bbox 1119 345 1607 465; baseline 0.002 -25"><span class='ocrx_word' id='word_1_1' title='bbox 1119 345 1607 465; x_wconf 56' lang='grc' dir='ltr'><strong>-ῃ-</strong></span> 
     </span>
    </p>
   </div>
   <div class='ocr_carea' id='block_1_2' title="bbox 220 550 2560 4208">
    <p class='ocr_par' dir='ltr' id='par_1_2' title="bbox 220 550 2408 772">
     <span class='ocr_line' id='line_1_2' title="bbox 220 550 2406 664; baseline 0.002 -26"><span class='ocrx_word' id='word_1_2' title='bbox 220 612 225 619; x_wconf 91' lang='lat'><strong>·</strong></span> <span class='ocrx_word' id='word_1_3' title='bbox 304 550 674 660; x_wconf 56' lang='lat' dir='ltr'><strong>xstophanes</strong></span> <span class='ocrx_word' id='word_1_4' title='bbox 734 576 920 655; x_wconf 64' lang='lat' dir='ltr'><strong>(nub.</strong></span> <span class='ocrx_word' id='word_1_5' title='bbox 988 581 1153 657; x_wconf 88' lang='grc'><strong>555.)</strong></span> <span class='ocrx_word' id='word_1_6' title='bbox 1210 580 1291 643; x_wconf 88' lang='lat' dir='ltr'><strong>de</strong></span> <span class='ocrx_word' id='word_1_7' title='bbox 1348 579 1713 664; x_wconf 82' lang='lat' dir='ltr'><strong>Phrynicho</strong></span> <span class='ocrx_word' id='word_1_8' title='bbox 1759 588 1826 642; x_wconf 88' lang='lat' dir='ltr'><strong>et</strong></span> <span class='ocrx_word' id='word_1_9' title='bbox 1864 579 2224 642; x_wconf 80' lang='lat' dir='ltr'><strong>Athenaeus</strong></span> <span class='ocrx_word' id='word_1_10' title='bbox 2265 579 2406 643; x_wconf 85' lang='lat' dir='ltr'><strong>Vn.</strong></span> 
     </span>
     <span class='ocr_line' id='line_1_3' title="bbox 335 680 2408 772; baseline -0.001 -21"><span class='ocrx_word' id='word_1_11' title='bbox 335 690 478 751; x_wconf 76' lang='lat'><strong>315.</strong></span> <span class='ocrx_word' id='word_1_12' title='bbox 519 685 598 748; x_wconf 89' lang='lat' dir='ltr'><strong>de</strong></span> <span class='ocrx_word' id='word_1_13' title='bbox 632 684 900 748; x_wconf 87' lang='lat' dir='ltr'><strong>Platone</strong></span> <span class='ocrx_word' id='word_1_14' title='bbox 935 687 1204 749; x_wconf 89' lang='lat' dir='ltr'><strong>comico.</strong></span> <span class='ocrx_word' id='word_1_15' title='bbox 1252 688 1348 751; x_wconf 86' lang='lat' dir='ltr'><strong>Cf.</strong></span> <span class='ocrx_word' id='word_1_16' title='bbox 1378 688 1696 772; x_wconf 84' lang='lat' dir='ltr'><strong>Aristoph.</strong></span> <span class='ocrx_word' id='word_1_17' title='bbox 1728 680 2190 772; x_wconf 60' lang='lat' dir='ltr'><strong>The‘smophor.</strong></span> <span class='ocrx_word' id='word_1_18' title='bbox 2230 693 2408 752; x_wconf 79' lang='lat'><strong>1062.</strong></span> 
     </span>
    </p>

    <p class='ocr_par' dir='ltr' id='par_1_3' title="bbox 234 795 2436 2486">
     <span class='ocr_line' id='line_1_4' title="bbox 504 795 2415 860; baseline 0.002 -6"><span class='ocrx_word' id='word_1_19' title='bbox 504 796 644 855; x_wconf 81' lang='lat' dir='ltr'><strong>Non</strong></span> <span class='ocrx_word' id='word_1_20' title='bbox 695 795 989 857; x_wconf 87' lang='lat' dir='ltr'><strong>substitit·</strong></span> <span class='ocrx_word' id='word_1_21' title='bbox 1014 796 1307 857; x_wconf 79' lang='lat' dir='ltr'><strong>Cratinus</strong></span> <span class='ocrx_word' id='word_1_22' title='bbox 1351 797 1418 858; x_wconf 92' lang='lat' dir='ltr'><strong>in</strong></span> <span class='ocrx_word' id='word_1_23' title='bbox 1461 797 1825 860; x_wconf 89' lang='lat' dir='ltr'><strong>cavillandis</strong></span> <span class='ocrx_word' id='word_1_24' title='bbox 1868 798 2156 860; x_wconf 87' lang='lat' dir='ltr'><strong>virorum</strong></span> <span class='ocrx_word' id='word_1_25' title='bbox 2198 797 2415 859; x_wconf 87' lang='lat' dir='ltr'><strong>adhuc</strong></span> 
     </span>
     <span class='ocr_line' id='line_1_5' title="bbox 341 900 2418 981; baseline 0.001 -18"><span class='ocrx_word' id='word_1_26' title='bbox 341 900 690 963; x_wconf 79' lang='lat' dir='ltr'><strong>viventium</strong></span> <span class='ocrx_word' id='word_1_27' title='bbox 735 903 1089 963; x_wconf 83' lang='lat' dir='ltr'>actionibus</span> <span class='ocrx_word' id='word_1_28' title='bbox 1133 912 1198 964; x_wconf 90' lang='lat' dir='ltr'><strong>et</strong></span> <span class='ocrx_word' id='word_1_29' title='bbox 1239 903 1545 981; x_wconf 84' lang='lat' dir='ltr'><strong>moribus,</strong></span> <span class='ocrx_word' id='word_1_30' title='bbox 1592 903 1705 964; x_wconf 91' lang='lat' dir='ltr'><strong>scd</strong></span> <span class='ocrx_word' id='word_1_31' title='bbox 1747 904 1921 966; x_wconf 87' lang='lat' dir='ltr'><strong>varie</strong></span> <span class='ocrx_word' id='word_1_32' title='bbox 1948 904 2096 966; x_wconf 88' lang='lat' dir='ltr'><strong>lusit</strong></span> <span class='ocrx_word' id='word_1_33' title='bbox 2127 905 2193 965; x_wconf 91' lang='lat' dir='ltr'><strong>in</strong></span> <span class='ocrx_word' id='word_1_34' title='bbox 2226 926 2418 966; x_wconf 89' lang='lat' dir='ltr'><strong>scena</strong></span> 
     </span>
     <span class='ocr_line' id='line_1_6' title="bbox 344 984 2419 1094; baseline 0.003 -27"><span class='ocrx_word' id='word_1_35' title='bbox 344 1006 737 1087; x_wconf 84' lang='lat' dir='ltr'><strong>adornanda,</strong></span> <span class='ocrx_word' id='word_1_36' title='bbox 784 984 1048 1094; x_wconf 77' lang='lat' dir='ltr'><strong>eamque</strong></span> <span class='ocrx_word' id='word_1_37' title='bbox 1088 1009 1168 1069; x_wconf 91' lang='lat' dir='ltr'><strong>ad</strong></span> <span class='ocrx_word' id='word_1_38' title='bbox 1203 1010 1437 1071; x_wconf 90' lang='lat' dir='ltr'><strong>inferos</strong></span> <span class='ocrx_word' id='word_1_39' title='bbox 1463 1012 1852 1072; x_wconf 89' lang='lat' dir='ltr'><strong>transferens</strong></span> <span class='ocrx_word' id='word_1_40' title='bbox 1880 1012 2217 1073; x_wconf 86' lang='lat' dir='ltr'><strong>illustrium</strong></span> <span class='ocrx_word' id='word_1_41' title='bbox 2243 1010 2419 1073; x_wconf 89' lang='lat' dir='ltr'><strong>haud</strong></span> 
     </span>
     <span class='ocr_line' id='line_1_7' title="bbox 346 1113 2421 1204; baseline 0.001 -28"><span class='ocrx_word' id='word_1_42' title='bbox 346 1113 539 1176; x_wconf 89' lang='lat' dir='ltr'><strong>dubie</strong></span> <span class='ocrx_word' id='word_1_43' title='bbox 583 1114 870 1178; x_wconf 82' lang='lat' dir='ltr'><strong>virorum</strong></span> <span class='ocrx_word' id='word_1_44' title='bbox 915 1116 1350 1185; x_wconf 83' lang='lat' dir='ltr'><strong>conditionem</strong></span> <span class='ocrx_word' id='word_1_45' title='bbox 1398 1140 1786 1204; x_wconf 86' lang='lat' dir='ltr'><strong>poenasque,</strong></span> <span class='ocrx_word' id='word_1_46' title='bbox 1833 1141 1987 1204; x_wconf 86' lang='lat' dir='ltr'><strong>quas</strong></span> <span class='ocrx_word' id='word_1_47' title='bbox 2028 1128 2175 1202; x_wconf 84' lang='lat' dir='ltr'><strong>post</strong></span> <span class='ocrx_word' id='word_1_48' title='bbox 2224 1119 2421 1182; x_wconf 80' lang='lat' dir='ltr'><strong>vitam</strong></span> 
     </span>
     <span class='ocr_line' id='line_1_8' title="bbox 347 1204 2424 1308; baseline 0.002 -26"><span class='ocrx_word' id='word_1_49' title='bbox 347 1230 678 1306; x_wconf 81' lang='lat' dir='ltr'><strong>peractam</strong></span> <span class='ocrx_word' id='word_1_50' title='bbox 759 1204 1005 1285; x_wconf 83' lang='lat' dir='ltr'><strong>dedisse</strong></span> <span class='ocrx_word' id='word_1_51' title='bbox 1060 1224 1254 1300; x_wconf 82' lang='lat' dir='ltr'><strong>finxit,</strong></span> <span class='ocrx_word' id='word_1_52' title='bbox 1339 1224 1551 1308; x_wconf 86' lang='lat' dir='ltr'><strong>lepide</strong></span> <span class='ocrx_word' id='word_1_53' title='bbox 1611 1225 2030 1289; x_wconf 85' lang='lat' dir='ltr'><strong>adumbravit.</strong></span> <span class='ocrx_word' id='word_1_54' title='bbox 2130 1227 2213 1289; x_wconf 89' lang='lat' dir='ltr'><strong>At</strong></span> <span class='ocrx_word' id='word_1_55' title='bbox 2280 1235 2424 1288; x_wconf 89' lang='lat' dir='ltr'><strong>acta</strong></span> 
     </span>
     <span class='ocr_line' id='line_1_9' title="bbox 351 1329 2428 1412; baseline 0.002 -21"><span class='ocrx_word' id='word_1_56' title='bbox 351 1350 485 1391; x_wconf 89' lang='lat' dir='ltr'><strong>esse</strong></span> <span class='ocrx_word' id='word_1_57' title='bbox 529 1329 679 1391; x_wconf 91' lang='lat' dir='ltr'><strong>talia</strong></span> <span class='ocrx_word' id='word_1_58' title='bbox 721 1331 787 1392; x_wconf 90' lang='lat' dir='ltr'><strong>in</strong></span> <span class='ocrx_word' id='word_1_59' title='bbox 835 1330 1134 1395; x_wconf 83' lang='lat' dir='ltr'><strong>dramatis</strong></span> <span class='ocrx_word' id='word_1_60' title='bbox 1171 1331 1413 1393; x_wconf 86' lang='lat' dir='ltr'><strong>Cratini</strong></span> <span class='ocrx_word' id='word_1_61' title='bbox 1451 1332 1788 1394; x_wconf 87' lang='lat' dir='ltr'><strong>confirmat</strong></span> <span class='ocrx_word' id='word_1_62' title='bbox 1813 1333 2236 1412; x_wconf 87' lang='lat' dir='ltr'><strong>Aristarchus,</strong></span> <span class='ocrx_word' id='word_1_63' title='bbox 2273 1355 2428 1395; x_wconf 87' lang='lat' dir='ltr'><strong>nar-</strong></span> 
     </span>
     <span class='ocr_line' id='line_1_10' title="bbox 348 1436 2427 1524; baseline 0.002 -28"><span class='ocrx_word' id='word_1_64' title='bbox 348 1457 497 1496; x_wconf 86' lang='lat' dir='ltr'><strong>rans</strong></span> <span class='ocrx_word' id='word_1_65' title='bbox 554 1436 886 1499; x_wconf 90' lang='lat' dir='ltr'><strong>inductum</strong></span> <span class='ocrx_word' id='word_1_66' title='bbox 949 1460 1081 1500; x_wconf 88' lang='lat' dir='ltr'><strong>esse</strong></span> <span class='ocrx_word' id='word_1_67' title='bbox 1146 1438 1421 1524; x_wconf 88' lang='lat' dir='ltr'><strong>aliquem</strong></span> <span class='ocrx_word' id='word_1_68' title='bbox 1484 1440 1564 1501; x_wconf 89' lang='lat' dir='ltr'><strong>ab</strong></span> <span class='ocrx_word' id='word_1_69' title='bbox 1625 1462 1702 1501; x_wconf 90' lang='lat' dir='ltr'><strong>eo</strong></span> <span class='ocrx_word' id='word_1_70' title='bbox 1766 1440 1936 1524; x_wconf 88' lang='lat' dir='ltr'><strong>apud</strong></span> <span class='ocrx_word' id='word_1_71' title='bbox 1977 1440 2213 1503; x_wconf 87' lang='lat' dir='ltr'><strong>inferos</strong></span> <span class='ocrx_word' id='word_1_72' title='bbox 2254 1440 2427 1501; x_wconf 86' lang='lat' dir='ltr'><strong>funi-</strong></span> 
     </span>
     <span class='ocr_line' id='line_1_11' title="bbox 353 1544 2421 1628; baseline 0.001 -23"><span class='ocrx_word' id='word_1_73' title='bbox 353 1544 572 1605; x_wconf 83' lang='lat' dir='ltr'><strong>culum</strong></span> <span class='ocrx_word' id='word_1_74' title='bbox 632 1544 1000 1628; x_wconf 90' lang='lat' dir='ltr'><strong>plicantem,</strong></span> <span class='ocrx_word' id='word_1_75' title='bbox 1057 1548 1300 1608; x_wconf 88' lang='lat' dir='ltr'><strong>asinum</strong></span> <span class='ocrx_word' id='word_1_76' title='bbox 1364 1569 1519 1610; x_wconf 84' lang='lat' dir='ltr'><strong>vero</strong></span> <span class='ocrx_word' id='word_1_77' title='bbox 1584 1568 1754 1625; x_wconf 88' lang='lat' dir='ltr'><strong>eum,</strong></span> <span class='ocrx_word' id='word_1_78' title='bbox 1795 1547 1984 1611; x_wconf 73' lang='lat' dir='ltr'><strong>&#39;dum</strong></span> <span class='ocrx_word' id='word_1_79' title='bbox 2029 1556 2421 1625; x_wconf 84' lang='lat' dir='ltr'><strong>necteretur,</strong></span> 
     </span>
     <span class='ocr_line' id='line_1_12' title="bbox 353 1644 2429 1743; baseline 0.001 -31"><span class='ocrx_word' id='word_1_80' title='bbox 353 1650 764 1712; x_wconf 87' lang='lat' dir='ltr'><strong>arrodentem</strong></span> <span class='ocrx_word' id='word_1_81' title='bbox 835 1659 902 1714; x_wconf 87' lang='lat' dir='ltr'><strong>et</strong></span> <span class='ocrx_word' id='word_1_82' title='bbox 950 1653 1147 1743; x_wconf 64' lang='lat' dir='ltr'><strong>⁸quasi</strong></span> <span class='ocrx_word' id='word_1_83' title='bbox 1209 1653 1667 1716; x_wconf 85' lang='lat' dir='ltr'><strong>detondentem</strong></span> <span class='ocrx_word' id='word_1_84' title='bbox 1734 1654 1943 1732; x_wconf 87' lang='lat' dir='ltr'><strong>(Phot.</strong></span> <span class='ocrx_word' id='word_1_85' title='bbox 2025 1656 2171 1717; x_wconf 85' lang='lat' dir='ltr'><strong>Lex.</strong></span> <span class='ocrx_word' id='word_1_86' title='bbox 2241 1644 2429 1717; x_wconf 78' lang='grc' dir='ltr'><strong><em>Ὄνου</em></strong></span> 
     </span>
     <span class='ocr_line' id='line_1_13' title="bbox 354 1752 2431 1844; baseline 0 -23"><span class='ocrx_word' id='word_1_87' title='bbox 354 1754 610 1841; x_wconf 84' lang='grc' dir='ltr'>πόκαι);</span> <span class='ocrx_word' id='word_1_88' title='bbox 654 1757 802 1819; x_wconf 91' lang='lat' dir='ltr'><strong>inde</strong></span> <span class='ocrx_word' id='word_1_89' title='bbox 854 1768 1067 1821; x_wconf 87' lang='lat' dir='ltr'><strong>ortum</strong></span> <span class='ocrx_word' id='word_1_90' title='bbox 1112 1781 1243 1822; x_wconf 86' lang='lat' dir='ltr'><strong>esse</strong></span> <span class='ocrx_word' id='word_1_91' title='bbox 1269 1762 1685 1844; x_wconf 84' lang='lat' dir='ltr'><strong>proverbium</strong></span> <span class='ocrx_word' id='word_1_92' title='bbox 1726 1752 1910 1827; x_wconf 45' lang='lat' dir='ltr'><strong>&#39;&#39;Ovov&#39;</strong></span> <span class='ocrx_word' id='word_1_93' title='bbox 1942 1758 2152 1839; x_wconf 81' lang='grc' dir='ltr'><strong><em>πόκαι,</em></strong></span> <span class='ocrx_word' id='word_1_94' title='bbox 2188 1760 2431 1822; x_wconf 90' lang='lat' dir='ltr'><strong>dictum</strong></span> 
     </span>
     <span class='ocr_line' id='line_1_14' title="bbox 363 1865 2433 1951; baseline 0.001 -24"><span class='ocrx_word' id='word_1_95' title='bbox 363 1866 444 1927; x_wconf 88' lang='lat' dir='ltr'><strong>de</strong></span> <span class='ocrx_word' id='word_1_96' title='bbox 510 1866 699 1927; x_wconf 84' lang='lat' dir='ltr'><strong>rebus</strong></span> <span class='ocrx_word' id='word_1_97' title='bbox 738 1865 912 1926; x_wconf 85' lang='lat' dir='ltr'><strong>van&#39;is</strong></span> <span class='ocrx_word' id='word_1_98' title='bbox 957 1875 1021 1927; x_wconf 90' lang='lat' dir='ltr'><strong>et</strong></span> <span class='ocrx_word' id='word_1_99' title='bbox 1060 1865 1373 1945; x_wconf 82' lang='lat' dir='ltr'><strong>inanibuS,</strong></span> <span class='ocrx_word' id='word_1_100' title='bbox 1422 1891 1586 1951; x_wconf 90' lang='lat' dir='ltr'><strong>quae</strong></span> <span class='ocrx_word' id='word_1_101' title='bbox 1631 1868 1714 1930; x_wconf 91' lang='lat' dir='ltr'><strong>ad</strong></span> <span class='ocrx_word' id='word_1_102' title='bbox 1757 1879 2006 1932; x_wconf 89' lang='lat' dir='ltr'><strong>certum</strong></span> <span class='ocrx_word' id='word_1_103' title='bbox 2047 1871 2240 1933; x_wconf 87' lang='lat' dir='ltr'><strong>finem</strong></span> <span class='ocrx_word' id='word_1_104' title='bbox 2282 1869 2433 1931; x_wconf 89' lang='lat' dir='ltr'><strong>duci</strong></span> 
     </span>
     <span class='ocr_line' id='line_1_15' title="bbox 234 1966 2430 2062; baseline 0.001 -29"><span class='ocrx_word' id='word_1_105' title='bbox 234 2024 249 2033; x_wconf 74' lang='grc'>,</span> <span class='ocrx_word' id='word_1_106' title='bbox 355 1971 617 2034; x_wconf 90' lang='lat' dir='ltr'><strong>omnino</strong></span> <span class='ocrx_word' id='word_1_107' title='bbox 662 1980 989 2055; x_wconf 88' lang='lat' dir='ltr'><strong>nequeunt</strong></span> <span class='ocrx_word' id='word_1_108' title='bbox 1030 1975 1134 2049; x_wconf 85' lang='lat' dir='ltr'><strong>(cf.</strong></span> <span class='ocrx_word' id='word_1_109' title='bbox 1184 1974 1359 2035; x_wconf 88' lang='lat' dir='ltr'><strong>Suid.</strong></span> <span class='ocrx_word' id='word_1_110' title='bbox 1412 1966 1597 2039; x_wconf 79' lang='grc' dir='ltr'><strong><em>Ὄνου</em></strong></span> <span class='ocrx_word' id='word_1_111' title='bbox 1638 1971 1849 2039; x_wconf 77' lang='grc' dir='ltr'><strong>πόκαι.</strong></span> <span class='ocrx_word' id='word_1_112' title='bbox 1906 1975 2227 2062; x_wconf 90' lang='lat' dir='ltr'><strong>Aristoph.</strong></span> <span class='ocrx_word' id='word_1_113' title='bbox 2270 1977 2430 2039; x_wconf 86' lang='lat' dir='ltr'><strong>Ran.</strong></span> 
     </span>
     <span class='ocr_line' id='line_1_16' title="bbox 360 2078 2436 2167; baseline 0 -24"><span class='ocrx_word' id='word_1_114' title='bbox 360 2082 501 2143; x_wconf 76' lang='lat'><strong>188.</strong></span> <span class='ocrx_word' id='word_1_115' title='bbox 565 2088 631 2139; x_wconf 89' lang='lat' dir='ltr'><strong>et</strong></span> <span class='ocrx_word' id='word_1_116' title='bbox 688 2078 900 2139; x_wconf 87' lang='lat' dir='ltr'><strong>Schol.</strong></span> <span class='ocrx_word' id='word_1_117' title='bbox 961 2080 1070 2140; x_wconf 86' lang='lat' dir='ltr'><strong>ubi</strong></span> <span class='ocrx_word' id='word_1_118' title='bbox 1129 2080 1250 2141; x_wconf 87' lang='lat' dir='ltr'><strong>alia</strong></span> <span class='ocrx_word' id='word_1_119' title='bbox 1310 2081 1495 2143; x_wconf 90' lang='lat' dir='ltr'><strong>huius</strong></span> <span class='ocrx_word' id='word_1_120' title='bbox 1542 2081 1798 2145; x_wconf 86' lang='lat' dir='ltr'><strong>dicendi</strong></span> <span class='ocrx_word' id='word_1_121' title='bbox 1839 2083 2101 2144; x_wconf 88' lang='lat' dir='ltr'><strong>rationis</strong></span> <span class='ocrx_word' id='word_1_122' title='bbox 2153 2083 2436 2167; x_wconf 85' lang='lat' dir='ltr'><strong>exempla</strong></span> 
     </span>
     <span class='ocr_line' id='line_1_17' title="bbox 360 2185 2434 2270; baseline 0.003 -25"><span class='ocrx_word' id='word_1_123' title='bbox 360 2185 632 2247; x_wconf 89' lang='lat' dir='ltr'><strong>collecta</strong></span> <span class='ocrx_word' id='word_1_124' title='bbox 692 2188 893 2265; x_wconf 87' lang='lat' dir='ltr'><strong>sunt).</strong></span> <span class='ocrx_word' id='word_1_125' title='bbox 994 2188 1181 2270; x_wconf 81' lang='lat' dir='ltr'><strong>Apud</strong></span> <span class='ocrx_word' id='word_1_126' title='bbox 1237 2188 1474 2249; x_wconf 88' lang='lat' dir='ltr'><strong>inferos</strong></span> <span class='ocrx_word' id='word_1_127' title='bbox 1517 2188 1671 2249; x_wconf 81' lang='lat' dir='ltr'><strong>dicti</strong></span> <span class='ocrx_word' id='word_1_128' title='bbox 1719 2199 1865 2250; x_wconf 91' lang='lat' dir='ltr'><strong>sunt</strong></span> <span class='ocrx_word' id='word_1_129' title='bbox 1905 2191 2172 2251; x_wconf 87' lang='lat' dir='ltr'><strong>fortasse</strong></span> <span class='ocrx_word' id='word_1_130' title='bbox 2218 2212 2434 2251; x_wconf 82' lang='lat' dir='ltr'><strong>versus</strong></span> 
     </span>
     <span class='ocr_line' id='line_1_18' title="bbox 362 2276 2435 2382; baseline 0.003 -29"><span class='ocrx_word' id='word_1_131' title='bbox 362 2293 609 2354; x_wconf 86' lang='lat' dir='ltr'><strong>Cratini</strong></span> <span class='ocrx_word' id='word_1_132' title='bbox 671 2294 842 2376; x_wconf 86' lang='lat' dir='ltr'><strong>apud</strong></span> <span class='ocrx_word' id='word_1_133' title='bbox 903 2294 1442 2378; x_wconf 85' lang='lat' dir='ltr'><strong>Hephaestionem</strong></span> <span class='ocrx_word' id='word_1_134' title='bbox 1494 2318 1558 2377; x_wconf 91' lang='lat' dir='ltr'><strong>p.</strong></span> <span class='ocrx_word' id='word_1_135' title='bbox 1614 2299 1715 2377; x_wconf 87' lang='lat'><strong>96.</strong></span> <span class='ocrx_word' id='word_1_136' title='bbox 1763 2300 1861 2360; x_wconf 72' lang='lat'><strong>1⁵.</strong></span> <span class='ocrx_word' id='word_1_137' title='bbox 1908 2276 2162 2377; x_wconf 87' lang='lat' dir='ltr'><strong>servati,</strong></span> <span class='ocrx_word' id='word_1_138' title='bbox 2207 2298 2435 2382; x_wconf 83' lang='lat' dir='ltr'><strong>quibus</strong></span> 
     </span>
     <span class='ocr_line' id='line_1_19' title="bbox 362 2399 1680 2486; baseline 0.002 -26"><span class='ocrx_word' id='word_1_139' title='bbox 362 2399 611 2484; x_wconf 87' lang='lat' dir='ltr'><strong>aliquis.</strong></span> <span class='ocrx_word' id='word_1_140' title='bbox 632 2399 996 2464; x_wconf 89' lang='lat' dir='ltr'><strong>Charonem</strong></span> <span class='ocrx_word' id='word_1_141' title='bbox 1037 2402 1270 2464; x_wconf 84' lang='lat' dir='ltr'><strong>diserte</strong></span> <span class='ocrx_word' id='word_1_142' title='bbox 1313 2402 1680 2486; x_wconf 81' lang='lat' dir='ltr'><strong>alloquitur.</strong></span> 
     </span>
    </p>

    <p class='ocr_par' dir='ltr' id='par_1_4' title="bbox 366 2506 2560 4208">
     <span class='ocr_line' id='line_1_20' title="bbox 412 2506 2442 2595; baseline 0.001 -27"><span class='ocrx_word' id='word_1_143' title='bbox 412 2522 415 2527; x_wconf 83' lang='grc'><strong><em>’</em></strong></span> <span class='ocrx_word' id='word_1_144' title='bbox 528 2507 710 2576; x_wconf 64' lang='lat' dir='ltr'><strong>Haec,</strong></span> <span class='ocrx_word' id='word_1_145' title='bbox 764 2508 1116 2592; x_wconf 83' lang='lat' dir='ltr'><strong>fragmenta</strong></span> <span class='ocrx_word' id='word_1_146' title='bbox 1173 2509 1223 2570; x_wconf 93' lang='lat' dir='ltr'><strong>si</strong></span> <span class='ocrx_word' id='word_1_147' title='bbox 1270 2510 1625 2571; x_wconf 85' lang='lat' dir='ltr'><strong>accuratius</strong></span> <span class='ocrx_word' id='word_1_148' title='bbox 1664 2509 2142 2595; x_wconf 85' lang='lat' dir='ltr'><strong>perlustramus,</strong></span> <span class='ocrx_word' id='word_1_149' title='bbox 2186 2506 2442 2595; x_wconf 90' lang='lat' dir='ltr'><strong>opinio-</strong></span> 
     </span>
     <span class='ocr_line' id='line_1_21' title="bbox 366 2617 2438 2701; baseline -0 -23"><span class='ocrx_word' id='word_1_150' title='bbox 366 2637 537 2691; x_wconf 88' lang='lat' dir='ltr'><strong>nem,</strong></span> <span class='ocrx_word' id='word_1_151' title='bbox 607 2638 798 2699; x_wconf 88' lang='lat' dir='ltr'><strong>quam</strong></span> <span class='ocrx_word' id='word_1_152' title='bbox 861 2625 1151 2678; x_wconf 86' lang='lat' dir='ltr'><strong>auctores</strong></span> <span class='ocrx_word' id='word_1_153' title='bbox 1202 2625 1473 2678; x_wconf 76' lang='lat' dir='ltr'><strong>veteres·</strong></span> <span class='ocrx_word' id='word_1_154' title='bbox 1504 2626 1570 2678; x_wconf 92' lang='lat' dir='ltr'><strong>et</strong></span> <span class='ocrx_word' id='word_1_155' title='bbox 1610 2618 2001 2701; x_wconf 84' lang='lat' dir='ltr'><strong>grammatici</strong></span> <span class='ocrx_word' id='word_1_156' title='bbox 2047 2618 2126 2681; x_wconf 86' lang='lat' dir='ltr'><strong>de</strong></span> <span class='ocrx_word' id='word_1_157' title='bbox 2177 2617 2438 2679; x_wconf 87' lang='lat' dir='ltr'><strong>Cratino</strong></span> 
     </span>
     <span class='ocr_line' id='line_1_22' title="bbox 366 2724 2441 2809; baseline 0 -24"><span class='ocrx_word' id='word_1_158' title='bbox 366 2724 797 2809; x_wconf 87' lang='lat' dir='ltr'><strong>protulerunt,</strong></span> <span class='ocrx_word' id='word_1_159' title='bbox 844 2733 1062 2785; x_wconf 89' lang='lat' dir='ltr'><strong>nostra</strong></span> <span class='ocrx_word' id='word_1_160' title='bbox 1104 2733 1344 2787; x_wconf 88' lang='lat' dir='ltr'><strong>tessera</strong></span> <span class='ocrx_word' id='word_1_161' title='bbox 1376 2726 1638 2786; x_wconf 86' lang='lat' dir='ltr'><strong>omnino</strong></span> <span class='ocrx_word' id='word_1_162' title='bbox 1675 2725 2122 2787; x_wconf 81' lang='lat' dir='ltr'><strong>confirmemus</strong></span> <span class='ocrx_word' id='word_1_163' title='bbox 2162 2733 2441 2807; x_wconf 89' lang='lat' dir='ltr'><strong>oportet.</strong></span> 
     </span>
     <span class='ocr_line' id='line_1_23' title="bbox 370 2829 2444 2916; baseline 0 -23"><span class='ocrx_word' id='word_1_164' title='bbox 370 2832 804 2893; x_wconf 89' lang='lat' dir='ltr'><strong>Acerbitatem</strong></span> <span class='ocrx_word' id='word_1_165' title='bbox 829 2829 995 2908; x_wconf 89' lang='lat' dir='ltr'><strong>dico,</strong></span> <span class='ocrx_word' id='word_1_166' title='bbox 1018 2830 1190 2892; x_wconf 90' lang='lat' dir='ltr'><strong>illam</strong></span> <span class='ocrx_word' id='word_1_167' title='bbox 1207 2831 1595 2893; x_wconf 86' lang='lat' dir='ltr'><strong>Archilocho</strong></span> <span class='ocrx_word' id='word_1_168' title='bbox 1627 2831 1956 2916; x_wconf 85' lang='lat' dir='ltr'><strong>propriam</strong></span> <span class='ocrx_word' id='word_1_169' title='bbox 1983 2831 2444 2915; x_wconf 80' lang='lat' dir='ltr'><strong>maximamque</strong></span> 
     </span>
     <span class='ocr_line' id='line_1_24' title="bbox 374 2937 2560 3022; baseline 0.003 -23"><span class='ocrx_word' id='word_1_170' title='bbox 374 2939 441 2999; x_wconf 91' lang='lat' dir='ltr'><strong>in</strong></span> <span class='ocrx_word' id='word_1_171' title='bbox 511 2937 948 3022; x_wconf 80' lang='lat' dir='ltr'><strong>aggrediendis</strong></span> <span class='ocrx_word' id='word_1_172' title='bbox 1002 2937 1256 2999; x_wconf 89' lang='lat' dir='ltr'><strong>summis</strong></span> <span class='ocrx_word' id='word_1_173' title='bbox 1298 2938 1395 3000; x_wconf 88' lang='lat' dir='ltr'><strong>rei</strong></span> <span class='ocrx_word' id='word_1_174' title='bbox 1440 2938 1736 3022; x_wconf 87' lang='lat' dir='ltr'><strong>publicae</strong></span> <span class='ocrx_word' id='word_1_175' title='bbox 1786 2939 1936 3001; x_wconf 84' lang='lat' dir='ltr'><strong>viris</strong></span> <span class='ocrx_word' id='word_1_176' title='bbox 1992 2939 2443 3017; x_wconf 88' lang='lat' dir='ltr'><strong>temeritatem,</strong></span> <span class='ocrx_word' id='word_1_177' title='bbox 2555 2997 2560 3006; x_wconf 78' lang='grc'>,</span> 
     </span>
     <span class='ocr_line' id='line_1_25' title="bbox 373 3046 2444 3131; baseline 0 -23"><span class='ocrx_word' id='word_1_178' title='bbox 373 3069 538 3131; x_wconf 81' lang='lat' dir='ltr'><strong>quae</strong></span> <span class='ocrx_word' id='word_1_179' title='bbox 595 3047 681 3107; x_wconf 89' lang='lat' dir='ltr'><strong>ita</strong></span> <span class='ocrx_word' id='word_1_180' title='bbox 746 3055 884 3107; x_wconf 89' lang='lat' dir='ltr'><strong>erat</strong></span> <span class='ocrx_word' id='word_1_181' title='bbox 937 3046 1058 3130; x_wconf 89' lang='lat' dir='ltr'><strong>ipsi</strong></span> <span class='ocrx_word' id='word_1_182' title='bbox 1112 3068 1149 3107; x_wconf 87' lang='lat' dir='ltr'><strong>a</strong></span> <span class='ocrx_word' id='word_1_183' title='bbox 1203 3046 1430 3108; x_wconf 81' lang='lat' dir='ltr'><strong>natura</strong></span> <span class='ocrx_word' id='word_1_184' title='bbox 1488 3048 1831 3109; x_wconf 87' lang='lat' dir='ltr'><strong>constituta</strong></span> <span class='ocrx_word' id='word_1_185' title='bbox 1877 3057 1943 3110; x_wconf 90' lang='lat' dir='ltr'><strong>et</strong></span> <span class='ocrx_word' id='word_1_186' title='bbox 1985 3047 2170 3131; x_wconf 88' lang='lat' dir='ltr'><strong>quasi&#39;</strong></span> <span class='ocrx_word' id='word_1_187' title='bbox 2205 3048 2444 3127; x_wconf 82' lang='lat' dir='ltr'><strong>innata,</strong></span> 
     </span>
     <span class='ocr_line' id='line_1_26' title="bbox 373 3138 2518 3237; baseline -0 -20"><span class='ocrx_word' id='word_1_188' title='bbox 373 3165 452 3217; x_wconf 90' lang='lat' dir='ltr'><strong>ut</strong></span> <span class='ocrx_word' id='word_1_189' title='bbox 498 3175 706 3237; x_wconf 89' lang='lat' dir='ltr'><strong>neque</strong></span> <span class='ocrx_word' id='word_1_190' title='bbox 766 3153 1018 3215; x_wconf 90' lang='lat' dir='ltr'><strong>cuidam</strong></span> <span class='ocrx_word' id='word_1_191' title='bbox 1074 3163 1374 3237; x_wconf 89' lang='lat' dir='ltr'><strong>parceret</strong></span> <span class='ocrx_word' id='word_1_192' title='bbox 1432 3176 1641 3237; x_wconf 86' lang='lat' dir='ltr'><strong>neque</strong></span> <span class='ocrx_word' id='word_1_193' title='bbox 1706 3155 2108 3218; x_wconf 85' lang='lat' dir='ltr'><strong>atrocitatem</strong></span> <span class='ocrx_word' id='word_1_194' title='bbox 2169 3138 2518 3216; x_wconf 55' lang='lat' dir='ltr'><strong>iocandos‘</strong></span> 
     </span>
     <span class='ocr_line' id='line_1_27' title="bbox 378 3259 2443 3347; baseline 0 -23"><span class='ocrx_word' id='word_1_195' title='bbox 378 3263 801 3339; x_wconf 88' lang='lat' dir='ltr'><strong>deminueret,</strong></span> <span class='ocrx_word' id='word_1_196' title='bbox 842 3259 980 3322; x_wconf 83' lang='lat' dir='ltr'><strong>‘sed</strong></span> <span class='ocrx_word' id='word_1_197' title='bbox 1039 3260 1428 3322; x_wconf 86' lang='lat' dir='ltr'><strong>adversarios</strong></span> <span class='ocrx_word' id='word_1_198' title='bbox 1466 3260 1751 3346; x_wconf 82' lang='lat' dir='ltr'><strong>funditus</strong></span> <span class='ocrx_word' id='word_1_199' title='bbox 1799 3261 2044 3324; x_wconf 86' lang='lat' dir='ltr'><strong>deleret</strong></span> <span class='ocrx_word' id='word_1_200' title='bbox 2101 3262 2443 3347; x_wconf 88' lang='lat' dir='ltr'><strong>(Aristoph.</strong></span> 
     </span>
     <span class='ocr_line' id='line_1_28' title="bbox 378 3366 2449 3454; baseline 0 -21"><span class='ocrx_word' id='word_1_201' title='bbox 378 3370 504 3454; x_wconf 79' lang='lat' dir='ltr'><strong>-Eq,</strong></span> <span class='ocrx_word' id='word_1_202' title='bbox 548 3372 732 3442; x_wconf 77' lang='lat'><strong>525.).</strong></span> <span class='ocrx_word' id='word_1_203' title='bbox 817 3368 1005 3429; x_wconf 92' lang='lat' dir='ltr'><strong>Hunc</strong></span> <span class='ocrx_word' id='word_1_204' title='bbox 1050 3366 1292 3429; x_wconf 87' lang='lat' dir='ltr'><strong>Cratini</strong></span> <span class='ocrx_word' id='word_1_205' title='bbox 1337 3367 1775 3429; x_wconf 88' lang='lat' dir='ltr'><strong>characterem</strong></span> <span class='ocrx_word' id='word_1_206' title='bbox 1813 3378 1887 3430; x_wconf 90' lang='lat' dir='ltr'><strong>ut</strong></span> <span class='ocrx_word' id='word_1_207' title='bbox 1929 3371 2355 3432; x_wconf 84' lang='lat' dir='ltr'><strong>strenuiorem</strong></span> <span class='ocrx_word' id='word_1_208' title='bbox 2381 3380 2449 3433; x_wconf 91' lang='lat' dir='ltr'><strong>et</strong></span> 
     </span>
     <span class='ocr_line' id='line_1_29' title="bbox 378 3474 2448 3554; baseline 0 -15"><span class='ocrx_word' id='word_1_209' title='bbox 378 3476 779 3539; x_wconf 85' lang='lat' dir='ltr'><strong>acerbiorem</strong></span> <span class='ocrx_word' id='word_1_210' title='bbox 830 3475 1245 3537; x_wconf 87' lang='lat' dir='ltr'><strong>Athenienses</strong></span> <span class='ocrx_word' id='word_1_211' title='bbox 1310 3497 1441 3536; x_wconf 88' lang='lat' dir='ltr'><strong>non</strong></span> <span class='ocrx_word' id='word_1_212' title='bbox 1482 3474 1827 3536; x_wconf 84' lang='lat' dir='ltr'><strong>admodum</strong></span> <span class='ocrx_word' id='word_1_213' title='bbox 1868 3477 2168 3554; x_wconf 59' lang='lat' dir='ltr'><strong>videntur</strong></span> <span class='ocrx_word' id='word_1_214' title='bbox 2209 3500 2448 3541; x_wconf 90' lang='lat' dir='ltr'><strong>amasse</strong></span> 
     </span>
     <span class='ocr_line' id='line_1_30' title="bbox 381 3581 2445 3666; baseline 0 -21"><span class='ocrx_word' id='word_1_215' title='bbox 381 3584 447 3646; x_wconf 89' lang='lat' dir='ltr'><strong>in</strong></span> <span class='ocrx_word' id='word_1_216' title='bbox 510 3581 864 3660; x_wconf 89' lang='lat' dir='ltr'><strong>comoedia,</strong></span> <span class='ocrx_word' id='word_1_217' title='bbox 935 3605 1131 3665; x_wconf 89' lang='lat' dir='ltr'><strong>quum</strong></span> <span class='ocrx_word' id='word_1_218' title='bbox 1191 3582 1626 3666; x_wconf 87' lang='lat' dir='ltr'><strong>Aristophanis</strong></span> <span class='ocrx_word' id='word_1_219' title='bbox 1696 3581 1947 3665; x_wconf 84' lang='lat' dir='ltr'><strong>lepores</strong></span> <span class='ocrx_word' id='word_1_220' title='bbox 2014 3594 2079 3645; x_wconf 89' lang='lat' dir='ltr'><strong>et</strong></span> <span class='ocrx_word' id='word_1_221' title='bbox 2140 3583 2445 3665; x_wconf 74' lang='lat' dir='ltr'><strong>hilaritaS,</strong></span> 
     </span>
     <span class='ocr_line' id='line_1_31' title="bbox 379 3689 2451 3774; baseline 0.002 -24"><span class='ocrx_word' id='word_1_222' title='bbox 379 3711 542 3774; x_wconf 86' lang='lat' dir='ltr'><strong>quae</strong></span> <span class='ocrx_word' id='word_1_223' title='bbox 585 3689 849 3774; x_wconf 88' lang='lat' dir='ltr'><strong>propius</strong></span> <span class='ocrx_word' id='word_1_224' title='bbox 908 3689 992 3751; x_wconf 91' lang='lat' dir='ltr'><strong>ad</strong></span> <span class='ocrx_word' id='word_1_225' title='bbox 1033 3711 1259 3751; x_wconf 88' lang='lat' dir='ltr'><strong>corum</strong></span> <span class='ocrx_word' id='word_1_226' title='bbox 1299 3710 1511 3750; x_wconf 86' lang='lat' dir='ltr'><strong>mores</strong></span> <span class='ocrx_word' id='word_1_227' title='bbox 1553 3690 1744 3751; x_wconf 86' lang='lat' dir='ltr'><strong>rebus</strong></span> <span class='ocrx_word' id='word_1_228' title='bbox 1777 3689 2131 3752; x_wconf 83' lang='lat' dir='ltr'><strong>·levioribus</strong></span> <span class='ocrx_word' id='word_1_229' title='bbox 2179 3704 2451 3755; x_wconf 88' lang='lat' dir='ltr'><strong>conten-</strong></span> 
     </span>
     <span class='ocr_line' id='line_1_32' title="bbox 379 3796 2450 3880; baseline 0.001 -22"><span class='ocrx_word' id='word_1_230' title='bbox 379 3806 477 3859; x_wconf 86' lang='lat' dir='ltr'><strong>tos</strong></span> <span class='ocrx_word' id='word_1_231' title='bbox 525 3797 935 3877; x_wconf 88' lang='lat' dir='ltr'><strong>accedebant,</strong></span> <span class='ocrx_word' id='word_1_232' title='bbox 979 3798 1046 3860; x_wconf 89' lang='lat' dir='ltr'><strong>in</strong></span> <span class='ocrx_word' id='word_1_233' title='bbox 1092 3818 1282 3858; x_wconf 90' lang='lat' dir='ltr'><strong>scena</strong></span> <span class='ocrx_word' id='word_1_234' title='bbox 1310 3796 1753 3858; x_wconf 81' lang='lat' dir='ltr'><strong>audiebantur.</strong></span> <span class='ocrx_word' id='word_1_235' title='bbox 1796 3796 2247 3880; x_wconf 83' lang='lat' dir='ltr'><strong>Aristophanes</strong></span> <span class='ocrx_word' id='word_1_236' title='bbox 2279 3798 2450 3862; x_wconf 89' lang='lat' dir='ltr'><strong>hanc</strong></span> 
     </span>
     <span class='ocr_line' id='line_1_33' title="bbox 381 3904 2449 3991; baseline 0.002 -27"><span class='ocrx_word' id='word_1_237' title='bbox 381 3925 521 3965; x_wconf 86' lang='lat' dir='ltr'><strong>rem</strong></span> <span class='ocrx_word' id='word_1_238' title='bbox 559 3906 824 3968; x_wconf 83' lang='lat' dir='ltr'><strong>maxime</strong></span> <span class='ocrx_word' id='word_1_239' title='bbox 891 3915 1284 3988; x_wconf 87' lang='lat' dir='ltr'><strong>compertam</strong></span> <span class='ocrx_word' id='word_1_240' title='bbox 1336 3904 1576 3965; x_wconf 89' lang='lat' dir='ltr'><strong>habens</strong></span> <span class='ocrx_word' id='word_1_241' title='bbox 1622 3904 1688 3964; x_wconf 88' lang='lat' dir='ltr'><strong>in</strong></span> <span class='ocrx_word' id='word_1_242' title='bbox 1729 3904 2022 3987; x_wconf 67' lang='lat' dir='ltr'><strong>pax-abasi</strong></span> <span class='ocrx_word' id='word_1_243' title='bbox 2066 3904 2147 3966; x_wconf 91' lang='lat' dir='ltr'><strong>ad</strong></span> <span class='ocrx_word' id='word_1_244' title='bbox 2186 3906 2449 3991; x_wconf 80' lang='lat' dir='ltr'><strong>Equites</strong></span> 
     </span>
     <span class='ocr_line' id='line_1_34' title="bbox 379 4008 2451 4097; baseline 0 -24"><span class='ocrx_word' id='word_1_245' title='bbox 379 4009 867 4075; x_wconf 82' lang='lat' dir='ltr'><strong>Atheniensibus</strong></span> <span class='ocrx_word' id='word_1_246' title='bbox 911 4014 1185 4097; x_wconf 82' lang='lat' dir='ltr'><strong>exponit,</strong></span> <span class='ocrx_word' id='word_1_247' title='bbox 1229 4008 1420 4096; x_wconf 86' lang='lat' dir='ltr'><strong>quam</strong></span> <span class='ocrx_word' id='word_1_248' title='bbox 1465 4011 1591 4074; x_wconf 88' lang='lat' dir='ltr'><strong>sint</strong></span> <span class='ocrx_word' id='word_1_249' title='bbox 1632 4012 1750 4074; x_wconf 87' lang='lat' dir='ltr'><strong>sibi</strong></span> <span class='ocrx_word' id='word_1_250' title='bbox 1772 4012 2221 4092; x_wconf 78' lang='lat' dir='ltr'><strong>inconstanteS,</strong></span> <span class='ocrx_word' id='word_1_251' title='bbox 2248 4036 2451 4097; x_wconf 84' lang='lat' dir='ltr'><strong>quan-</strong></span> 
     </span>
     <span class='ocr_line' id='line_1_35' title="bbox 381 4117 2449 4208; baseline 0.001 -26"><span class='ocrx_word' id='word_1_252' title='bbox 381 4125 610 4205; x_wconf 80' lang='lat' dir='ltr'><strong>topere</strong></span> <span class='ocrx_word' id='word_1_253' title='bbox 673 4141 898 4185; x_wconf 85' lang='lat' dir='ltr'><strong>eorum</strong></span> <span class='ocrx_word' id='word_1_254' title='bbox 959 4118 1286 4205; x_wconf 84' lang='lat' dir='ltr'><strong>ingenium</strong></span> <span class='ocrx_word' id='word_1_255' title='bbox 1325 4118 1390 4183; x_wconf 86' lang='lat' dir='ltr'><strong>in</strong></span> <span class='ocrx_word' id='word_1_256' title='bbox 1434 4117 1626 4183; x_wconf 86' lang='lat' dir='ltr'><strong>horas</strong></span> <span class='ocrx_word' id='word_1_257' title='bbox 1668 4119 1901 4183; x_wconf 88' lang='lat' dir='ltr'><strong>mutari</strong></span> <span class='ocrx_word' id='word_1_258' title='bbox 1939 4120 2137 4207; x_wconf 80' lang='lat' dir='ltr'><strong>possit</strong></span> <span class='ocrx_word' id='word_1_259' title='bbox 2180 4130 2243 4185; x_wconf 89' lang='lat' dir='ltr'><strong>et</strong></span> <span class='ocrx_word' id='word_1_260' title='bbox 2287 4142 2449 4208; x_wconf 85' lang='lat' dir='ltr'><strong>quo-</strong></span> 
     </span>
    </p>
   </div>
  </div>
 </body>
</html>
