3119 5087
353 595 605 673 itinere,
651 618 777 680 quo
818 593 1295 682 Hellespontum
1334 600 1582 682 petiere
1624 596 2053 677 Athenienses,
2084 609 2406 662 mortuum

347 707 427 766 int
464 704 736 764 Graecia
786 704 1101 786 sepultum
1147 726 1298 766 esse.
1627 720 1632 725 ·

492 810 619 880 ,His
667 808 1074 894 adiungamus
1133 811 1212 872 de
1274 810 1604 895 Eupolidis
1655 798 1835 888 cane,
1880 808 2057 877 cuius
2102 810 2405 874 fidelitate

344 936 543 999 usque
589 914 672 976 ad
708 926 982 976 mortem
1021 925 1250 1000 poetae
1292 928 1536 978 servata
1579 917 1946 985 comoediae
1985 918 2293 999 quaedam
2321 920 2400 978 ab

341 1020 607 1082 interitu
646 1031 975 1105 surreptae
1021 1033 1185 1099 sunt,
1242 1021 1516 1106 lepidam
1559 1021 1901 1085 admodum
1945 1022 2399 1099 narrationem,

336 1147 531 1209 quam
586 1126 712 1187 hoc
772 1128 908 1189 fere
956 1127 1146 1189 modo
1187 1128 1383 1190 tradit
1424 1129 1719 1190 Aelianus
1765 1131 1865 1190 De
1906 1138 2034 1199 nat,
2082 1129 2269 1200 anim.
2312 1131 2394 1189 X.

336 1254 394 1296 c.
433 1251 533 1312 41.
557 1258 583 1303 ε,
609 1233 908 1317 Eupolidi
947 1243 1176 1316 poetae
1219 1235 1463 1321 Augeas
1504 1236 1862 1297 Eleusinius
1904 1258 2169 1298 munere
2195 1236 2397 1297 dona-

326 1340 427 1400 -vit
468 1361 691 1401 canem
732 1362 861 1401 non
905 1340 1096 1402 modo
1139 1363 1370 1423 genere
1414 1342 1757 1403 Molossum
1798 1342 1910 1404 sed
1954 1344 2146 1405 etiam
2184 1343 2393 1404 forma

328 1455 784 1526 praestantem,
828 1467 1015 1528 quem
1062 1445 1288 1507 eodem
1332 1446 1616 1523 nomine,
1646 1468 1774 1530 quo
1799 1455 2039 1530 Augeas
2068 1459 2226 1526 erat,
2254 1449 2389 1508 Eu-

325 1551 491 1634 polis
550 1551 927 1635 appel-laban
1031 1551 1215 1612 Canis
1258 1552 1386 1613 iam
1427 1553 1683 1615 nomine
1724 1555 1964 1636 Augeas
2010 1575 2157 1615 cum
2200 1554 2387 1637 longa

327 1657 784 1722 consuetudine
841 1668 976 1721 tum
1033 1659 1326 1720 ciborum
1368 1659 1683 1721 illecebris
1727 1659 1988 1722 allectus
2031 1670 2096 1722 et
2134 1661 2390 1723 blandi-

318 1762 515 1841 ditiis,
581 1764 879 1848 diligebat
944 1753 1287 1827 dominum.
1410 1754 1598 1828 Cum·
1633 1767 1826 1850 igitur
1886 1776 2115 1851 poetae
2170 1788 2383 1829 servus

317 1869 643 1952 Ephialtes
687 1871 968 1933 dramata
1009 1871 1318 1955 quaedam
1356 1871 1687 1957 Eupolidis
1731 1873 2108 1956 surriperet,
2138 1893 2266 1935 non
2289 1872 2383 1933 la·-

318 1979 442 2040 tuit
486 1979 628 2039 cani
668 1980 851 2067 fugax
891 2000 1137 2052 servus;
1182 1979 1493 2040 acerrimo
1524 1979 1768 2063 impetu
1799 1979 2072 2040 incurrit
2112 1980 2176 2040 in
2208 1980 2380 2040 hunc

317 2086 708 2169 direptorem
749 2084 1195 2167 mordicusque
1240 2106 1385 2146 eum
1438 2083 1988 2166 'comprehendens
2034 2086 2373 2148 interfecit.

310 2193 539 2254 Postea
570 2218 575 2221 ⁴
608 2191 673 2253 in
732 2192 969 2274 Aegina
1020 2189 1281 2272 Eupolis
1336 2190 1595 2252 excessit
1654 2212 1689 2252 e
1744 2192 1893 2267 vita,
1967 2190 2180 2274 ibique
2241 2190 2372 2251 eius

309 2320 541 2382 corpus
587 2297 667 2359 ad
707 2296 1097 2381 sepulturam
1141 2295 1358 2359 datum
1370 2320 1391 2366 3
1429 2296 1608 2388 ‘canis
1650 2316 1803 2357 vero
1848 2297 2040 2357 morti
2071 2297 2234 2356 illius
2267 2298 2370 2356 in-

305 2406 650 2491 gemiscens
694 2428 819 2467 non
861 2415 1108 2466 tantum
1148 2402 1416 2463 ullulatu
1455 2403 1735 2486 primum
1776 2402 1939 2462 illius
1984 2424 2301 2467 excessum
2332 2426 2366 2465 e

304 2514 433 2574 vita
487 2512 638 2573 luxit
693 2511 801 2574 sed
859 2509 1099 2576 deinde!
1153 2531 1449 2572 moerore
1492 2510 1832 2593 inediaque
1878 2509 2156 2573 extabuit
2194 2519 2260 2572 et
2300 2510 2366 2571 in

300 2619 524 2680 odium
568 2619 739 2681 vitae
779 2615 1084 2680 adductus
1130 2640 1202 2681 ex
1246 2618 1458 2680 altoris
1513 2620 1611 2679 sui
1653 2628 1859 2680 morte
1904 2618 2206 2679 extinctus
2247 2627 2359 2678 est.

300 2725 420 2785 Hic
458 2725 633 2785 locus
677 2723 824 2786 inde
884 2725 964 2785 ad
1004 2724 1188 2786 huius
1233 2746 1408 2786 casus
1449 2726 1829 2792 memoriam
1870 2721 2365 2786 conservandam

294 2834 469 2890 cam's
509 2832 695 2891 luctus
736 2816 962 2913 (κυνὸς
986 2829 1244 2915 θρῆνος)
1286 2829 1744 2915 appellabatur.
1816 2830 1909 2890 Cf.
1956 2831 2163 2895 Tzetz.
2197 2829 2356 2890 Chil.

297 2938 405 3000 lv.
450 2915 507 2998 (r.
538 2944 694 3016 2245.
795 2940 1091 3001 Movetur
1158 2959 1374 2998 rursus
1432 2936 1765 2998 difficultas
1813 2925 2112 3019 quoniam
2153 2936 2361 2998 Aelia-

294 3062 412 3104 nus
475 3052 539 3104 et
591 3043 926 3104 Pausanias
987 3053 1115 3104 non
1173 3042 1470 3104 videntur
1531 3043 1703 3103 inter
1745 3034 1816 3104 se'
1860 3042 2216 3104 consentire
2276 3040 2355 3102 de

290 3149 469 3227 loco,
525 3172 650 3232 quo
711 3113 1070 3233 sepulcrum
1124 3149 1451 3233 Eupolidis
1513 3149 1903 3210 collocatum
1964 3158 2134 3224 erat,
2194 3148 2353 3210 defi-

289 3254 546 3316 niendo.
631 3257 871 3337 Asopus
915 3254 1139 3320 fluvius
1183 3266 1276 3316 est
1321 3256 1652 3332 Boeotiae,
1713 3256 1819 3338 qui
1866 3257 1930 3316 in
1973 3255 2094 3316 hac
2139 3254 2351 3339 dispu-

287 3361 529 3422 tatione
573 3360 787 3420 locum
829 3382 957 3420 non
1001 3360 1227 3430 habet3
1277 3360 1430 3426 alius
1479 3360 1762 3422 eiusdem
1806 3361 2098 3437 nominiS‚
2128 3384 2378 3445 quam-⁶

277 3451 370 3529 vis
431 3468 642 3528 minor
702 3475 766 3527 et
811 3466 1142 3528 deterioris
1184 3469 1388 3528 famae
1442 3467 1729 3546 (Pausan.
1779 3469 1856 3526 11.
1904 3472 2010 3543 5.),
2058 3467 2343 3551 Sicyonis

284 3596 540 3656 campos
587 3576 926 3657 percurrit.
1014 3575 1197 3633 Hunc
1225 3573 1460 3634 traiicit
1484 3572 1822 3632 Pausanias
1851 3595 1886 3631 a
1913 3573 2342 3655 septentrione

277 3681 704 3764 proficiscens,
749 3690 813 3741 et
874 3679 954 3739 ad
1000 3680 1240 3740 laevam
1278 3678 1605 3761 Eupolidis
1655 3678 2018 3761 sepulcrum
2062 3679 2344 3762 conspici

277 3785 468 3854 ‹licit3
510 3786 583 3845 iis
630 3807 807 3861 vero,
850 3785 959 3869 qui
1002 3785 1066 3845 in
1112 3782 1591 3845 Corinthiorum
1632 3785 1894 3867 regione
1936 3795 2270 3846 versantur
2306 3808 2344 3846 a

275 3879 454 3954 laeva
509 3902 601 3956 est
658 3891 860 3952 insula
922 3892 1182 3975 Aegina,
1231 3913 1423 3973 quam
1465 3889 1615 3951 inde
1665 3890 1728 3950 in
1777 3901 2189 3973 conspectum
2231 3912 2341 3952 ve·-

274 3998 439 4059 nisse
481 3998 938 4081 Eupolidisque
981 3998 1341 4081 sepulcrum
1385 4006 1763 4058 monstrasse
1806 3997 1989 4059 valde
2032 3999 2335 4060 credibile

269 4114 388 4187 est,
435 4101 554 4166 nisi
600 4126 795 4166 unum
839 4102 1183 4164 alterumve
1227 4102 1438 4166 locum
1487 4113 1595 4165 aut
1637 4125 1865 4188 parum
1909 4115 2203 4167 accurate
2234 4128 2336 4168 ex·-
