3119 5087
508 623 801 687 Cratinus
847 623 911 685 in
951 624 1176 709 Pytine
1222 627 1463 689 dixerat
1497 626 1691 688 Suida
1734 636 1893 688 teste
1928 649 1985 689 v.
2022 619 2328 709 Ἀράχνηι

669 724 1019 814 Ἀραχνίων
1059 735 1293 816 μεστὴν
1333 730 1491 814 ἔχεις
1537 737 1653 815 τῆν
1689 730 1980 819 γαστέρα.
2190 798 2202 810 ,

346 859 538 923 quem
598 839 813 902 locum
874 840 1017 902 satis
1059 841 1269 924 lepide
1320 842 1599 923 Catullus
1642 843 1811 902 XIII.
1859 866 1915 924 7.
1963 843 2239 904 imitatus
2284 854 2412 917 est;

347 967 575 1029 rogans
624 947 920 1030 aliquem,
962 956 1036 1008 ut
1076 949 1305 1009 afferat
1347 969 1563 1010 secum
1610 948 1919 1033 quidquid
1966 949 2047 1011 ad
2088 944 2325 1012 bonam
2351 961 2416 1012 et

164 1066 171 1075 ·
247 1133 253 1138 ⁸
347 1052 580 1113 laetam
622 1074 890 1119 coenam
932 1055 1272 1137 pertineat,
1316 1057 1525 1140 pergit

668 1195 753 1207 -
799 1192 882 1208 -—
919 1195 1019 1221 --.
1044 1185 1192 1223 nam
1232 1165 1327 1223 tui
1371 1164 1605 1225 Catulli

670 1267 904 1330 Plenus
950 1270 1237 1331 sacculus
1278 1281 1371 1332 est
1407 1293 1803 1332 aranearum.

345 1371 648 1434 Nonnulli
726 1374 1107 1458 interpretes
1185 1377 1507 1438 sacculum
1573 1377 1812 1439 dictum
1878 1399 2010 1440 esse
2069 1401 2104 1438 a
2168 1377 2417 1438 Catullo

346 1478 694 1563 perhibent
736 1480 816 1543 de
858 1502 1165 1544 crumena
1209 1483 1478 1543 nummis
1520 1506 1740 1561 vacua,
1786 1507 1947 1568 quae
1993 1507 2122 1545 non
2162 1505 2278 1544 usu
2320 1493 2420 1545 te·-

349 1597 555 1648 ratur.
642 1589 788 1666 Res,
831 1611 994 1672 quae
1038 1589 1170 1651 sine
1207 1611 1325 1650 usu
1365 1592 1577 1652 iacent
1618 1613 1878 1668 vacuae,
1919 1591 2123 1653 solent
2162 1584 2422 1674 quidem

350 1694 587 1755 obduci
650 1717 1030 1757 aranearum
1067 1695 1323 1758 texturis
1374 1699 1453 1758 ef.
1498 1697 1754 1759 Hesiod:
1813 1688 1987 1781 '‘Epy.
2032 1702 2170 1778 475.
2213 1696 2421 1757 Plaut.

346 1803 558 1867 Aulul,
619 1805 667 1868 Ι.
728 1822 786 1865 2.
850 1825 909 1864 v.
969 1806 1027 1879 5,
1098 1808 1185 1875 6.;
1231 1803 1514 1865 Catullus
1556 1814 1792 1881 tamen,
1839 1826 2034 1888 quum
2083 1825 2288 1888 paene
2334 1802 2415 1864 ad

348 1911 617 1973 verbum
662 1907 945 1971 reddidit
986 1910 1187 1971 nostri
1228 1919 1458 1993 poetae
1506 1921 1808 1989 mentem,
1850 1912 2023 1973 haud
2061 1912 2251 1974 dubie
2282 1933 2422 1972 sac-

347 2017 566 2078 culum
628 2014 933 2080 intellexit
987 2015 1068 2078 de
1117 2026 1362 2096 ventre,
1424 2017 1751 2095 audacter,
1811 2020 1925 2079 sed
1988 2041 2065 2081 eo
2112 2020 2421 2080 festivius·

346 2122 487 2185 Non
540 2124 732 2208 igitur
777 2123 1184 2207 cogitandum
1217 2134 1310 2185 est
1341 2123 1420 2185 de
1453 2106 1760 2187 crumena
1790 2126 2058 2185 nummis
2091 2125 2421 2209 replenda,

348 2229 463 2292 sed
522 2231 599 2291 de
660 2240 886 2292 ventre
929 2230 1172 2292 lautum
1213 2231 1574 2300 convivium
1624 2241 2041 2313 exspectante.
2142 2233 2237 2292 Cf.
2280 2232 2429 2291 Ari—

349 2336 556 2421 stoph.
599 2336 933 2399 Ecclesia&
977 2340 1116 2400 8ιὸ.
1177 2335 1315 2396 Alia
1359 2336 1641 2420 exempla
1686 2337 1832 2399 addi
1876 2346 2142 2422 possunt
2169 2359 2217 2399 ,e
2249 2340 2425 2398 Tou-

345 2444 440 2533 pii
482 2443 846 2505 Emendatt.
891 2443 959 2503 in
1002 2441 1176 2504 Suid.
1225 2443 1302 2503 ΙΙ.
1344 2465 1407 2525 p.
1452 2424 1595 2505 262.

518 2554 650 2614 Iam
693 2550 935 2612 mentio
978 2549 1270 2613 facienda
1315 2543 1409 2612 e‘st
1445 2548 1825 2626 Democriti,
1855 2549 2033 2610 cuius
2063 2549 2425 2611 testimonio

349 2656 646 2725 ⁴Cratinus
688 2657 1219 2741 praeclarissimus
1261 2666 1453 2742 poeta
1491 2657 1788 2734 habetur,
1835 2658 1944 2740 qui
1977 2657 2270 2741 lampada
2302 2642 2429 2719 tol-

351 2766 489 2830 lens
554 2764 903 2848 praeiverit
946 2744 1253 2847 reliqum,
1294 2748 1495 2847 iisque
1537 2785 1753 2826 versus
1797 2784 1941 2823 suos
1982 2762 2318 2825 imitandos
2361 2776 2430 2827 et

352 2871 729 2936 excolendos
776 2870 1128 2954 reliquerit.
1162 2869 1540 2933 Athen.‘VI.
1576 2893 1639 2954 p.
1678 2874 1819 2934 268.
1845 2869 1921 2929 Ε.
1974 2870 2149 2932 Inter
2185 2870 2430 2931 Cratini

349 2978 596 3041 fabulas
673 2977 965 3040 Eunidae
1049 2969 1392 3060 (Εὖνεῖδαι,
1463 2975 1641 3060 γένος
1710 2971 2017 3061 Ἇθῆνῃσι
2102 2972 2429 3055 μουσικόν,

348 3086 560 3169 Etym.
603 3063 690 3145 Μ.
734 3091 876 3166 393,
916 3086 1050 3164 34.)
1093 3104 1477 3166 magnopere
1525 3083 1956 3145 excelluerunt
2000 3091 2189 3166 atque
2231 3079 2431 3144 tradit

350 3192 712 3254 Athenaeus
761 3192 901 3253 XV.
946 3213 1011 3274 p.
1055 3194 1194 3273 698.
1242 3190 1314 3249 C.
1362 3211 1434 3251 ex
1472 3189 1866 3268 Ptolemaeo,
1940 3190 2424 3274 Hephaestionis

354 3299 512 3375 filio,
594 3296 1019 3360 Alexandrum
1084 3300 1408 3381 Magnum,
1478 3297 1893 3360 Macedoniae
1961 3321 2199 3382 regem,
2240 3295 2429 3357 huius

356 3403 656 3466 dramatis
712 3400 987 3468 lectione
1028 3413 1364 3487 tantopere
1409 3404 1794 3465 delectatum
1837 3426 1991 3482 esse,
2055 3415 2128 3465 ut
2170 3405 2301 3487 ipse
2352 3403 2432 3462 li-

352 3514 475 3575 ber
506 3521 652 3595 post
675 3522 949 3572 mortem
978 3513 1139 3596 regis
1170 3511 1251 3572 ad
1281 3512 1471 3595 ipsius
1506 3520 1699 3594 caput
1725 3510 2139 3572 inveniretur.
2186 3510 2431 3589 Quodsi

282 3683 285 3692 ff
354 3640 657 3704 magnum
734 3616 1011 3680 hahetur
1085 3618 1421 3680 Alexandri
1491 3619 1817 3703 ingenium
1878 3629 1941 3680 et
2000 3618 2065 3677 in
2127 3616 2429 3699 eligendis

355 3727 563 3809 poetis
613 3747 903 3804 acumen,
947 3725 1551 3810 praestantissimum
1595 3735 1659 3787 et
1702 3724 2230 3808 elegantissimum
2274 3725 2468 3785 Cra-³

356 3835 565 3894 tinum
608 3834 993 3900 arbitremur
1034 3855 1291 3900 necesse
1331 3843 1442 3895 est.
1546 3833 1641 3892 Cf.
1695 3832 1965 3894 Ptolem.
2013 3825 2434 3914 Hephaestio-

358 3941 452 4003 nis
498 3942 542 4006 s.
589 3939 733 4002 hist.
783 3939 950 4030 apud
991 3938 1293 4005 Photium
1335 3940 1399 4001 in
1441 3938 1741 4004 Biblioth.
1785 3962 1850 4025 p.
1903 3944 2037 4005 151.
2084 3960 2137 3999 a.
2187 3961 2281 4003 ιι.
2330 3937 2434 4002 ed.

308 4026 337 4090 2
355 4037 623 4116 Bekker.
