<?xml version="1.0" encoding="UTF-8"?>
<!DOCTYPE html PUBLIC "-//W3C//DTD XHTML 1.0 Transitional//EN"
    "http://www.w3.org/TR/xhtml1/DTD/xhtml1-transitional.dtd">
<html xmlns="http://www.w3.org/1999/xhtml" xml:lang="en" lang="en">
 <head>
  <title>
</title>
<meta http-equiv="Content-Type" content="text/html;charset=utf-8" />
  <meta name='ocr-system' content='tesseract 3.04.00' />
  <meta name='ocr-capabilities' content='ocr_page ocr_carea ocr_par ocr_line ocrx_word'/>
</head>
<body>
  <div class='ocr_page' id='page_1' title='image "./cratinuseteupol00rhengoog_0049.png"; bbox 0 0 3119 5087; ppageno 0'>
   <div class='ocr_carea' id='block_1_1' title="bbox 1067 396 1576 472">
    <p class='ocr_par' dir='ltr' id='par_1_1' title="bbox 1067 396 1576 472">
     <span class='ocr_line' id='line_1_1' title="bbox 1067 396 1576 472; baseline 0.004 -3"><span class='ocrx_word' id='word_1_1' title='bbox 1067 419 1192 459; x_wconf 74' lang='grc' dir='ltr'><strong><em>-ι--·</em></strong></span> <span class='ocrx_word' id='word_1_2' title='bbox 1259 401 1354 472; x_wconf 74' lang='lat'><strong>29</strong></span> <span class='ocrx_word' id='word_1_3' title='bbox 1455 396 1576 448; x_wconf 66' lang='grc' dir='ltr'><strong>-Ῑ</strong></span> 
     </span>
    </p>
   </div>
   <div class='ocr_carea' id='block_1_2' title="bbox 280 582 2420 1395">
    <p class='ocr_par' dir='ltr' id='par_1_2' title="bbox 280 582 2420 1395">
     <span class='ocr_line' id='line_1_2' title="bbox 287 582 2353 669; baseline -0.001 -21"><span class='ocrx_word' id='word_1_4' title='bbox 287 586 457 649; x_wconf 82' lang='lat' dir='ltr'><strong>docti</strong></span> <span class='ocrx_word' id='word_1_5' title='bbox 505 586 673 653; x_wconf 87' lang='lat' dir='ltr'><strong>enim</strong></span> <span class='ocrx_word' id='word_1_6' title='bbox 715 592 1046 669; x_wconf 80' lang='lat' dir='ltr'><strong>tantopere</strong></span> <span class='ocrx_word' id='word_1_7' title='bbox 1088 606 1376 669; x_wconf 82' lang='lat' dir='ltr'>pressere</span> <span class='ocrx_word' id='word_1_8' title='bbox 1420 583 1856 668; x_wconf 64' lang='lat' dir='ltr'><strong>Aristophanis</strong></span> <span class='ocrx_word' id='word_1_9' title='bbox 1895 585 2089 647; x_wconf 75' lang='lat' dir='ltr'><strong>verba</strong></span> <span class='ocrx_word' id='word_1_10' title='bbox 2122 582 2353 646; x_wconf 81' lang='lat' dir='ltr'><strong>dehoc</strong></span> 
     </span>
     <span class='ocr_line' id='line_1_3' title="bbox 286 691 2358 769; baseline 0 -15"><span class='ocrx_word' id='word_1_11' title='bbox 286 692 537 754; x_wconf 85' lang='lat' dir='ltr'><strong>vivendi</strong></span> <span class='ocrx_word' id='word_1_12' title='bbox 581 713 759 752; x_wconf 88' lang='lat' dir='ltr'><strong>more</strong></span> <span class='ocrx_word' id='word_1_13' title='bbox 807 691 1071 769; x_wconf 83' lang='lat' dir='ltr'><strong>Cratini,</strong></span> <span class='ocrx_word' id='word_1_14' title='bbox 1116 702 1188 753; x_wconf 90' lang='lat' dir='ltr'><strong>ut</strong></span> <span class='ocrx_word' id='word_1_15' title='bbox 1238 693 1303 752; x_wconf 89' lang='lat' dir='ltr'><strong>in</strong></span> <span class='ocrx_word' id='word_1_16' title='bbox 1350 714 1427 754; x_wconf 93' lang='lat' dir='ltr'><strong>eo</strong></span> <span class='ocrx_word' id='word_1_17' title='bbox 1473 692 1797 755; x_wconf 85' lang='lat' dir='ltr'><strong>ebriosum</strong></span> <span class='ocrx_word' id='word_1_18' title='bbox 1833 713 1904 752; x_wconf 85' lang='lat' dir='ltr'><strong>ac</strong></span> <span class='ocrx_word' id='word_1_19' title='bbox 1937 692 2358 764; x_wconf 83' lang='lat' dir='ltr'><strong>temulentum</strong></span> 
     </span>
     <span class='ocr_line' id='line_1_4' title="bbox 284 798 2351 883; baseline 0.001 -24"><span class='ocrx_word' id='word_1_20' title='bbox 284 798 651 860; x_wconf 79' lang='lat' dir='ltr'>helluonem</span> <span class='ocrx_word' id='word_1_21' title='bbox 700 820 831 859; x_wconf 87' lang='lat' dir='ltr'><strong>non</strong></span> <span class='ocrx_word' id='word_1_22' title='bbox 889 809 1148 882; x_wconf 90' lang='lat' dir='ltr'><strong>poetam</strong></span> <span class='ocrx_word' id='word_1_23' title='bbox 1205 798 1548 860; x_wconf 83' lang='lat' dir='ltr'><strong>admodum</strong></span> <span class='ocrx_word' id='word_1_24' title='bbox 1605 799 1912 883; x_wconf 81' lang='lat' dir='ltr'><strong>insignem</strong></span> <span class='ocrx_word' id='word_1_25' title='bbox 1971 800 2351 863; x_wconf 80' lang='lat' dir='ltr'><strong>invenirent.</strong></span> 
     </span>
     <span class='ocr_line' id='line_1_5' title="bbox 289 901 2357 989; baseline 0 -21"><span class='ocrx_word' id='word_1_26' title='bbox 289 909 385 969; x_wconf 81' lang='lat' dir='ltr'><strong>Cf.</strong></span> <span class='ocrx_word' id='word_1_27' title='bbox 449 907 674 967; x_wconf 88' lang='lat' dir='ltr'><strong>Liban.</strong></span> <span class='ocrx_word' id='word_1_28' title='bbox 728 901 988 989; x_wconf 86' lang='lat' dir='ltr'><strong>sophist.</strong></span> <span class='ocrx_word' id='word_1_29' title='bbox 1053 905 1232 988; x_wconf 83' lang='lat' dir='ltr'><strong>epist.</strong></span> <span class='ocrx_word' id='word_1_30' title='bbox 1303 909 1478 969; x_wconf 74' lang='lat'><strong>1510.</strong></span> <span class='ocrx_word' id='word_1_31' title='bbox 1550 905 1650 966; x_wconf 90' lang='lat' dir='ltr'><strong>ed.</strong></span> <span class='ocrx_word' id='word_1_32' title='bbox 1712 904 1912 967; x_wconf 85' lang='lat' dir='ltr'>Wolf.</span> <span class='ocrx_word' id='word_1_33' title='bbox 2014 906 2357 968; x_wconf 71' lang='lat' dir='ltr'><strong>Fuit&#39;sane</strong></span> 
     </span>
     <span class='ocr_line' id='line_1_6' title="bbox 287 1011 2420 1096; baseline -0 -22"><span class='ocrx_word' id='word_1_34' title='bbox 287 1013 580 1074; x_wconf 76' lang='lat' dir='ltr'><strong>Cratinus</strong></span> <span class='ocrx_word' id='word_1_35' title='bbox 616 1034 876 1094; x_wconf 84' lang='lat' dir='ltr'><strong>magnus</strong></span> <span class='ocrx_word' id='word_1_36' title='bbox 913 1012 1043 1073; x_wconf 87' lang='lat' dir='ltr'><strong>vini</strong></span> <span class='ocrx_word' id='word_1_37' title='bbox 1070 1020 1331 1073; x_wconf 50' lang='lat' dir='ltr'><strong>‘amator</strong></span> <span class='ocrx_word' id='word_1_38' title='bbox 1379 1023 1569 1096; x_wconf 87' lang='lat' dir='ltr'><strong>atque</strong></span> <span class='ocrx_word' id='word_1_39' title='bbox 1611 1033 1684 1074; x_wconf 81' lang='lat' dir='ltr'><strong>ex</strong></span> <span class='ocrx_word' id='word_1_40' title='bbox 1723 1012 1937 1072; x_wconf 88' lang='lat' dir='ltr'><strong>fabula</strong></span> <span class='ocrx_word' id='word_1_41' title='bbox 1983 1011 2137 1088; x_wconf 88' lang='lat' dir='ltr'><strong>eius,</strong></span> <span class='ocrx_word' id='word_1_42' title='bbox 2184 1035 2350 1095; x_wconf 85' lang='lat' dir='ltr'><strong>quae</strong></span> <span class='ocrx_word' id='word_1_43' title='bbox 2413 1037 2420 1042; x_wconf 82' lang='lat'><strong>·</strong></span> 
     </span>
     <span class='ocr_line' id='line_1_7' title="bbox 287 1117 2364 1204; baseline -0.001 -22"><span class='ocrx_word' id='word_1_44' title='bbox 287 1117 535 1199; x_wconf 81' lang='grc' dir='ltr'><strong><em>Πυτίνη</em></strong></span> <span class='ocrx_word' id='word_1_45' title='bbox 577 1118 1063 1194; x_wconf 85' lang='lat' dir='ltr'><strong>inscribebatur,</strong></span> <span class='ocrx_word' id='word_1_46' title='bbox 1108 1118 1301 1178; x_wconf 89' lang='lat' dir='ltr'><strong>etiam</strong></span> <span class='ocrx_word' id='word_1_47' title='bbox 1342 1118 1392 1177; x_wconf 92' lang='lat' dir='ltr'><strong>si</strong></span> <span class='ocrx_word' id='word_1_48' title='bbox 1426 1117 1725 1201; x_wconf 81' lang='lat' dir='ltr'><strong>reliquias</strong></span> <span class='ocrx_word' id='word_1_49' title='bbox 1761 1118 2146 1204; x_wconf 81' lang='lat' dir='ltr'><strong>consideras,</strong></span> <span class='ocrx_word' id='word_1_50' title='bbox 2180 1118 2364 1180; x_wconf 89' lang='lat' dir='ltr'><strong>clare</strong></span> 
     </span>
     <span class='ocr_line' id='line_1_8' title="bbox 280 1223 2357 1310; baseline 0.001 -26"><span class='ocrx_word' id='word_1_51' title='bbox 280 1224 355 1285; x_wconf 62' lang='lat' dir='ltr'><strong>&#39;id</strong></span> <span class='ocrx_word' id='word_1_52' title='bbox 392 1223 656 1306; x_wconf 78' lang='lat' dir='ltr'><strong>intelligi</strong></span> <span class='ocrx_word' id='word_1_53' title='bbox 701 1224 867 1285; x_wconf 88' lang='lat' dir='ltr'><strong>licet.</strong></span> <span class='ocrx_word' id='word_1_54' title='bbox 951 1223 1398 1307; x_wconf 86' lang='lat' dir='ltr'><strong>Aristophanes</strong></span> <span class='ocrx_word' id='word_1_55' title='bbox 1442 1224 1507 1285; x_wconf 90' lang='lat' dir='ltr'><strong>in</strong></span> <span class='ocrx_word' id='word_1_56' title='bbox 1549 1225 1885 1308; x_wconf 82' lang='lat' dir='ltr'><strong>Equitibus</strong></span> <span class='ocrx_word' id='word_1_57' title='bbox 1930 1230 2066 1290; x_wconf 80' lang='lat'><strong>533.</strong></span> <span class='ocrx_word' id='word_1_58' title='bbox 2052 1269 2123 1304; x_wconf 86' lang='lat'><strong>·.‚</strong></span> <span class='ocrx_word' id='word_1_59' title='bbox 2157 1247 2357 1310; x_wconf 84' lang='lat' dir='ltr'><strong>quum</strong></span> 
     </span>
     <span class='ocr_line' id='line_1_9' title="bbox 288 1330 488 1395; baseline -0.019 0"><span class='ocrx_word' id='word_1_60' title='bbox 288 1330 488 1395; x_wconf 84' lang='lat' dir='ltr'><strong>dicit.</strong></span> 
     </span>
    </p>
   </div>
   <div class='ocr_carea' id='block_1_3' title="bbox 460 1535 2362 1737">
    <p class='ocr_par' dir='ltr' id='par_1_3' title="bbox 460 1535 2362 1730">
     <span class='ocr_line' id='line_1_10' title="bbox 460 1535 2362 1633; baseline -0.003 -25"><span class='ocrx_word' id='word_1_61' title='bbox 460 1535 569 1608; x_wconf 80' lang='grc' dir='ltr'><strong>Ὃν</strong></span> <span class='ocrx_word' id='word_1_62' title='bbox 616 1540 781 1625; x_wconf 78' lang='grc' dir='ltr'><strong><em>χρῆν</em></strong></span> <span class='ocrx_word' id='word_1_63' title='bbox 839 1542 944 1605; x_wconf 71' lang='grc' dir='ltr'><strong>διὰ</strong></span> <span class='ocrx_word' id='word_1_64' title='bbox 992 1542 1107 1615; x_wconf 79' lang='grc' dir='ltr'><strong>τὰς</strong></span> <span class='ocrx_word' id='word_1_65' title='bbox 1161 1539 1471 1628; x_wconf 75' lang='grc' dir='ltr'><em>προτέρας</em></span> <span class='ocrx_word' id='word_1_66' title='bbox 1507 1541 1685 1618; x_wconf 73' lang='grc' dir='ltr'><strong><em>νίκας</em></strong></span> <span class='ocrx_word' id='word_1_67' title='bbox 1721 1541 1921 1608; x_wconf 80' lang='grc' dir='ltr'><strong><em>πίνειν</em></strong></span> <span class='ocrx_word' id='word_1_68' title='bbox 1965 1543 2033 1608; x_wconf 68' lang='grc' dir='ltr'><strong>ἐν</strong></span> <span class='ocrx_word' id='word_1_69' title='bbox 2071 1544 2160 1633; x_wconf 72' lang='grc' dir='ltr'><strong>τῷ</strong></span> <span class='ocrx_word' id='word_1_70' title='bbox 2204 1569 2362 1630; x_wconf 77' lang='grc' dir='ltr'><em>πρυ-</em></span> 
     </span>
     <span class='ocr_line' id='line_1_11' title="bbox 1529 1648 1864 1737; baseline -0.003 -25"><span class='ocrx_word' id='word_1_71' title='bbox 1529 1692 1533 1697; x_wconf 89' lang='grc'>-</span> <span class='ocrx_word' id='word_1_72' title='bbox 1587 1648 1864 1737; x_wconf 48' lang='grc' dir='ltr'><strong><em>τανειίιο,</em></strong></span> 
     </span>
    </p>
   </div>
   <div class='ocr_carea' id='block_1_4' title="bbox 288 1861 2390 2586">
    <p class='ocr_par' dir='ltr' id='par_1_4' title="bbox 288 1861 2390 2586">
     <span class='ocr_line' id='line_1_12' title="bbox 290 1861 2359 1948; baseline -0 -24"><span class='ocrx_word' id='word_1_73' title='bbox 290 1863 624 1924; x_wconf 85' lang='lat' dir='ltr'><strong>Cratinum</strong></span> <span class='ocrx_word' id='word_1_74' title='bbox 687 1861 1030 1926; x_wconf 84' lang='lat' dir='ltr'><strong>admodum</strong></span> <span class='ocrx_word' id='word_1_75' title='bbox 1085 1862 1348 1927; x_wconf 86' lang='lat' dir='ltr'><strong>laudans</strong></span> <span class='ocrx_word' id='word_1_76' title='bbox 1402 1873 1894 1948; x_wconf 81' lang='lat' dir='ltr'><strong>vexatpropter</strong></span> <span class='ocrx_word' id='word_1_77' title='bbox 1934 1864 2067 1926; x_wconf 88' lang='lat' dir='ltr'><strong>eius</strong></span> <span class='ocrx_word' id='word_1_78' title='bbox 2110 1863 2359 1925; x_wconf 83' lang='lat' dir='ltr'><strong>bibaci-</strong></span> 
     </span>
     <span class='ocr_line' id='line_1_13' title="bbox 288 1962 2360 2054; baseline 0.001 -24"><span class='ocrx_word' id='word_1_79' title='bbox 288 1979 524 2040; x_wconf 76' lang='lat' dir='ltr'><strong>tatem3</strong></span> <span class='ocrx_word' id='word_1_80' title='bbox 548 1980 720 2041; x_wconf 68' lang='lat' dir='ltr'><strong>nota</strong></span> <span class='ocrx_word' id='word_1_81' title='bbox 758 1980 853 2033; x_wconf 85' lang='lat' dir='ltr'><strong>est</strong></span> <span class='ocrx_word' id='word_1_82' title='bbox 890 1971 1060 2033; x_wconf 90' lang='lat' dir='ltr'><strong>enim</strong></span> <span class='ocrx_word' id='word_1_83' title='bbox 1102 1967 1144 2052; x_wconf 82' lang='grc' dir='ltr'>ἧ</span> <span class='ocrx_word' id='word_1_84' title='bbox 1187 1969 1452 2054; x_wconf 80' lang='grc' dir='ltr'><strong><em>σίτησις,</em></strong></span> <span class='ocrx_word' id='word_1_85' title='bbox 1486 1976 1559 2034; x_wconf 80' lang='grc' dir='ltr'><strong>τῦ</strong></span> <span class='ocrx_word' id='word_1_86' title='bbox 1609 1975 1940 2049; x_wconf 68' lang='grc' dir='ltr'><strong><em>σιτεῖσθαι,</em></strong></span> <span class='ocrx_word' id='word_1_87' title='bbox 1980 1962 2053 2034; x_wconf 79' lang='grc' dir='ltr'><strong>τᾶ</strong></span> <span class='ocrx_word' id='word_1_88' title='bbox 2098 1964 2360 2034; x_wconf 71' lang='grc' dir='ltr'><strong><em>δειπνεῖν</em></strong></span> 
     </span>
     <span class='ocr_line' id='line_1_14' title="bbox 289 2076 2356 2162; baseline 0.001 -23"><span class='ocrx_word' id='word_1_89' title='bbox 289 2076 361 2139; x_wconf 75' lang='grc' dir='ltr'><strong>ἐν</strong></span> <span class='ocrx_word' id='word_1_90' title='bbox 399 2076 874 2162; x_wconf 66' lang='grc' dir='ltr'><strong><em>’τῷ-πρυτανείῳ</em></strong></span> <span class='ocrx_word' id='word_1_91' title='bbox 918 2076 1267 2161; x_wconf 86' lang='lat' dir='ltr'><strong>(Aristoph.</strong></span> <span class='ocrx_word' id='word_1_92' title='bbox 1314 2079 1471 2138; x_wconf 87' lang='lat' dir='ltr'><strong>Ran.</strong></span> <span class='ocrx_word' id='word_1_93' title='bbox 1521 2084 1660 2159; x_wconf 83' lang='lat'><strong>776.</strong></span> <span class='ocrx_word' id='word_1_94' title='bbox 1702 2079 1820 2162; x_wconf 83' lang='lat' dir='ltr'><strong>Eq.</strong></span> <span class='ocrx_word' id='word_1_95' title='bbox 1866 2084 2009 2143; x_wconf 80' lang='lat'><strong>280.</strong></span> <span class='ocrx_word' id='word_1_96' title='bbox 2060 2089 2125 2141; x_wconf 86' lang='lat' dir='ltr'><strong>et</strong></span> <span class='ocrx_word' id='word_1_97' title='bbox 2167 2084 2356 2160; x_wconf 79' lang='lat'><strong>571.)‚</strong></span> 
     </span>
     <span class='ocr_line' id='line_1_15' title="bbox 293 2181 2360 2268; baseline 0.002 -27"><span class='ocrx_word' id='word_1_98' title='bbox 293 2181 541 2242; x_wconf 86' lang='lat' dir='ltr'><strong>Cratini</strong></span> <span class='ocrx_word' id='word_1_99' title='bbox 617 2205 771 2244; x_wconf 82' lang='lat' dir='ltr'><strong>vero</strong></span> <span class='ocrx_word' id='word_1_100' title='bbox 845 2204 1159 2244; x_wconf 87' lang='lat' dir='ltr'><strong>summum</strong></span> <span class='ocrx_word' id='word_1_101' title='bbox 1219 2184 1577 2266; x_wconf 89' lang='lat' dir='ltr'><strong>praemium</strong></span> <span class='ocrx_word' id='word_1_102' title='bbox 1633 2185 1699 2247; x_wconf 90' lang='lat' dir='ltr'><strong>in</strong></span> <span class='ocrx_word' id='word_1_103' title='bbox 1763 2184 1912 2246; x_wconf 83' lang='lat' dir='ltr'><strong>vino</strong></span> <span class='ocrx_word' id='word_1_104' title='bbox 1983 2184 2360 2268; x_wconf 84' lang='lat' dir='ltr'><strong>accipiendo</strong></span> 
     </span>
     <span class='ocr_line' id='line_1_16' title="bbox 291 2288 2390 2387; baseline -0 -39"><span class='ocrx_word' id='word_1_105' title='bbox 291 2288 641 2349; x_wconf 87' lang='lat' dir='ltr'><strong>consistere</strong></span> <span class='ocrx_word' id='word_1_106' title='bbox 701 2310 909 2387; x_wconf 54' lang='lat' dir='ltr'><strong>possex</strong></span> <span class='ocrx_word' id='word_1_107' title='bbox 942 2289 1324 2372; x_wconf 87' lang='lat' dir='ltr'><strong>lepidissime</strong></span> <span class='ocrx_word' id='word_1_108' title='bbox 1375 2298 1641 2350; x_wconf 88' lang='lat' dir='ltr'><strong>annotat</strong></span> <span class='ocrx_word' id='word_1_109' title='bbox 1678 2288 2162 2371; x_wconf 51' lang='lat' dir='ltr'><strong>Aristophanem</strong></span> <span class='ocrx_word' id='word_1_110' title='bbox 2208 2312 2390 2352; x_wconf 87' lang='lat' dir='ltr'><strong>nam.</strong></span> 
     </span>
     <span class='ocr_line' id='line_1_17' title="bbox 288 2388 2358 2480; baseline 0.001 -25"><span class='ocrx_word' id='word_1_111' title='bbox 288 2388 530 2455; x_wconf 51' lang='lat' dir='ltr'><strong>vinum‘</strong></span> <span class='ocrx_word' id='word_1_112' title='bbox 565 2395 746 2477; x_wconf 87' lang='lat' dir='ltr'><strong>parvi</strong></span> <span class='ocrx_word' id='word_1_113' title='bbox 785 2395 975 2480; x_wconf 89' lang='lat' dir='ltr'><strong>pretii</strong></span> <span class='ocrx_word' id='word_1_114' title='bbox 1019 2404 1158 2471; x_wconf 80' lang='lat' dir='ltr'><strong>erat</strong></span> <span class='ocrx_word' id='word_1_115' title='bbox 1194 2394 1474 2456; x_wconf 89' lang='lat' dir='ltr'><strong>Athenis.</strong></span> <span class='ocrx_word' id='word_1_116' title='bbox 1522 2395 1619 2454; x_wconf 88' lang='lat' dir='ltr'><strong>Cf.</strong></span> <span class='ocrx_word' id='word_1_117' title='bbox 1662 2393 1939 2456; x_wconf 85' lang='lat' dir='ltr'><strong>Boeckh.</strong></span> <span class='ocrx_word' id='word_1_118' title='bbox 1991 2396 2057 2456; x_wconf 89' lang='lat' dir='ltr'><strong>in</strong></span> <span class='ocrx_word' id='word_1_119' title='bbox 2101 2397 2358 2480; x_wconf 87' lang='lat' dir='ltr'><strong>egregio</strong></span> 
     </span>
     <span class='ocr_line' id='line_1_18' title="bbox 291 2498 2366 2586; baseline 0.004 -27"><span class='ocrx_word' id='word_1_120' title='bbox 291 2500 493 2562; x_wconf 82' lang='lat' dir='ltr'><strong>libro:</strong></span> <span class='ocrx_word' id='word_1_121' title='bbox 551 2501 1178 2586; x_wconf 84' lang='lat' dir='ltr'><strong>Staatshaushaltung</strong></span> <span class='ocrx_word' id='word_1_122' title='bbox 1237 2500 1354 2564; x_wconf 87' lang='lat' dir='ltr'><strong>der</strong></span> <span class='ocrx_word' id='word_1_123' title='bbox 1404 2498 1689 2562; x_wconf 89' lang='lat' dir='ltr'><strong>Athener</strong></span> <span class='ocrx_word' id='word_1_124' title='bbox 1743 2502 1816 2564; x_wconf 92' lang='lat' dir='ltr'><strong>T.</strong></span> <span class='ocrx_word' id='word_1_125' title='bbox 1884 2502 1930 2561; x_wconf 91' lang='lat'><strong>1.</strong></span> <span class='ocrx_word' id='word_1_126' title='bbox 1991 2525 2057 2585; x_wconf 87' lang='lat' dir='ltr'><strong>p.</strong></span> <span class='ocrx_word' id='word_1_127' title='bbox 2110 2506 2211 2581; x_wconf 86' lang='lat'><strong>65,</strong></span> <span class='ocrx_word' id='word_1_128' title='bbox 2258 2507 2366 2581; x_wconf 87' lang='lat'><strong>66,</strong></span> 
     </span>
    </p>
   </div>
   <div class='ocr_carea' id='block_1_5' title="bbox 174 2597 2367 2694">
    <p class='ocr_par' dir='ltr' id='par_1_5' title="bbox 174 2597 2367 2694">
     <span class='ocr_line' id='line_1_19' title="bbox 174 2597 2367 2694; baseline -0.001 -23"><span class='ocrx_word' id='word_1_129' title='bbox 174 2617 180 2626; x_wconf 83' lang='grc'>’</span> <span class='ocrx_word' id='word_1_130' title='bbox 281 2597 439 2689; x_wconf 77' lang='lat'><strong>¹107.</strong></span> <span class='ocrx_word' id='word_1_131' title='bbox 537 2609 724 2671; x_wconf 82' lang='lat' dir='ltr'><strong>Multi</strong></span> <span class='ocrx_word' id='word_1_132' title='bbox 778 2619 1010 2694; x_wconf 79' lang='lat' dir='ltr'><strong>poetae</strong></span> <span class='ocrx_word' id='word_1_133' title='bbox 1070 2619 1332 2670; x_wconf 86' lang='lat' dir='ltr'><strong>cantant</strong></span> <span class='ocrx_word' id='word_1_134' title='bbox 1390 2607 1468 2671; x_wconf 88' lang='lat' dir='ltr'><strong>de</strong></span> <span class='ocrx_word' id='word_1_135' title='bbox 1513 2602 1663 2670; x_wconf 80' lang='lat' dir='ltr'><strong>vino</strong></span> <span class='ocrx_word' id='word_1_136' title='bbox 1709 2619 1774 2669; x_wconf 83' lang='lat' dir='ltr'><strong>et</strong></span> <span class='ocrx_word' id='word_1_137' title='bbox 1815 2607 2052 2669; x_wconf 89' lang='lat' dir='ltr'><strong>Bacchi</strong></span> <span class='ocrx_word' id='word_1_138' title='bbox 2096 2631 2367 2670; x_wconf 88' lang='lat' dir='ltr'><strong>munera</strong></span> 
     </span>
    </p>
   </div>
   <div class='ocr_carea' id='block_1_6' title="bbox 200 2702 2438 3653">
    <p class='ocr_par' dir='ltr' id='par_1_6' title="bbox 200 2702 2438 3653">
     <span class='ocr_line' id='line_1_20' title="bbox 290 2702 2371 2798; baseline 0.002 -25"><span class='ocrx_word' id='word_1_139' title='bbox 290 2712 650 2792; x_wconf 84' lang='lat' dir='ltr'><strong>celebrant,</strong></span> <span class='ocrx_word' id='word_1_140' title='bbox 695 2716 974 2798; x_wconf 88' lang='lat' dir='ltr'><strong>quamvis</strong></span> <span class='ocrx_word' id='word_1_141' title='bbox 1020 2737 1249 2798; x_wconf 75' lang='lat' dir='ltr'><strong>aquam</strong></span> <span class='ocrx_word' id='word_1_142' title='bbox 1285 2715 1510 2777; x_wconf 80' lang='lat' dir='ltr'><strong>bibere</strong></span> <span class='ocrx_word' id='word_1_143' title='bbox 1536 2714 1783 2786; x_wconf 88' lang='lat' dir='ltr'><strong>coacti;</strong></span> <span class='ocrx_word' id='word_1_144' title='bbox 1831 2702 2126 2776; x_wconf 69' lang='lat' dir='ltr'><strong>Cratinus</strong></span> <span class='ocrx_word' id='word_1_145' title='bbox 2156 2725 2371 2777; x_wconf 89' lang='lat' dir='ltr'><strong>autem</strong></span> 
     </span>
     <span class='ocr_line' id='line_1_21' title="bbox 200 2818 2369 2905; baseline 0.002 -26"><span class='ocrx_word' id='word_1_146' title='bbox 200 2831 211 2840; x_wconf 83' lang='lat'><strong><em>‘</em></strong></span> <span class='ocrx_word' id='word_1_147' title='bbox 288 2818 533 2880; x_wconf 83' lang='lat' dir='ltr'><strong>Bacchi</strong></span> <span class='ocrx_word' id='word_1_148' title='bbox 587 2820 765 2882; x_wconf 85' lang='lat' dir='ltr'><strong>donis</strong></span> <span class='ocrx_word' id='word_1_149' title='bbox 825 2821 1074 2899; x_wconf 78' lang='lat' dir='ltr'><strong>fruitus,</strong></span> <span class='ocrx_word' id='word_1_150' title='bbox 1154 2843 1379 2883; x_wconf 89' lang='lat' dir='ltr'><strong>eorum</strong></span> <span class='ocrx_word' id='word_1_151' title='bbox 1438 2820 1757 2905; x_wconf 83' lang='lat' dir='ltr'><strong>egregiam</strong></span> <span class='ocrx_word' id='word_1_152' title='bbox 1822 2820 1951 2882; x_wconf 81' lang='lat' dir='ltr'><strong>vim</strong></span> <span class='ocrx_word' id='word_1_153' title='bbox 2010 2822 2077 2881; x_wconf 90' lang='lat' dir='ltr'><strong>in</strong></span> <span class='ocrx_word' id='word_1_154' title='bbox 2144 2822 2369 2905; x_wconf 84' lang='lat' dir='ltr'><strong>poesin</strong></span> 
     </span>
     <span class='ocr_line' id='line_1_22' title="bbox 290 2926 2371 3011; baseline -0 -23"><span class='ocrx_word' id='word_1_155' title='bbox 290 2927 644 3004; x_wconf 80' lang='lat' dir='ltr'><strong>transtulit,</strong></span> <span class='ocrx_word' id='word_1_156' title='bbox 705 2948 852 2990; x_wconf 87' lang='lat' dir='ltr'><strong>cum</strong></span> <span class='ocrx_word' id='word_1_157' title='bbox 910 2927 1030 3011; x_wconf 87' lang='lat' dir='ltr'><strong>ipsi</strong></span> <span class='ocrx_word' id='word_1_158' title='bbox 1070 2926 1613 3010; x_wconf 67' lang='lat' dir='ltr'><strong>persuasissimum</strong></span> <span class='ocrx_word' id='word_1_159' title='bbox 1655 2935 1840 3006; x_wconf 88' lang='lat' dir='ltr'><strong>esset,</strong></span> <span class='ocrx_word' id='word_1_160' title='bbox 1880 2938 2190 3011; x_wconf 82' lang='lat' dir='ltr'><strong>percepto</strong></span> <span class='ocrx_word' id='word_1_161' title='bbox 2234 2928 2371 2990; x_wconf 80' lang='lat' dir='ltr'><strong>vini</strong></span> 
     </span>
     <span class='ocr_line' id='line_1_23' title="bbox 290 3034 2367 3119; baseline -0.001 -21"><span class='ocrx_word' id='word_1_162' title='bbox 290 3035 518 3117; x_wconf 78' lang='lat' dir='ltr'><strong>vigore</strong></span> <span class='ocrx_word' id='word_1_163' title='bbox 560 3034 776 3119; x_wconf 81' lang='lat' dir='ltr'><strong>vigere</strong></span> <span class='ocrx_word' id='word_1_164' title='bbox 841 3045 907 3100; x_wconf 87' lang='lat' dir='ltr'><strong>et</strong></span> <span class='ocrx_word' id='word_1_165' title='bbox 947 3034 1313 3096; x_wconf 84' lang='lat' dir='ltr'><strong>confirmari</strong></span> <span class='ocrx_word' id='word_1_166' title='bbox 1354 3034 1562 3118; x_wconf 87' lang='lat' dir='ltr'><strong>ipsum</strong></span> <span class='ocrx_word' id='word_1_167' title='bbox 1604 3035 1905 3111; x_wconf 85' lang='lat' dir='ltr'><strong>animum,</strong></span> <span class='ocrx_word' id='word_1_168' title='bbox 1966 3036 2226 3119; x_wconf 86' lang='lat' dir='ltr'><strong>integris</strong></span> <span class='ocrx_word' id='word_1_169' title='bbox 2269 3035 2367 3096; x_wconf 85' lang='lat' dir='ltr'><strong>vi-</strong></span> 
     </span>
     <span class='ocr_line' id='line_1_24' title="bbox 291 3139 2371 3226; baseline 0 -24"><span class='ocrx_word' id='word_1_170' title='bbox 291 3141 476 3202; x_wconf 81' lang='lat' dir='ltr'><strong>ribus</strong></span> <span class='ocrx_word' id='word_1_171' title='bbox 534 3140 761 3202; x_wconf 84' lang='lat' dir='ltr'><strong>instrui</strong></span> <span class='ocrx_word' id='word_1_172' title='bbox 823 3151 1011 3226; x_wconf 89' lang='lat' dir='ltr'><strong>atque</strong></span> <span class='ocrx_word' id='word_1_173' title='bbox 1051 3141 1141 3202; x_wconf 84' lang='lat' dir='ltr'><strong>ad</strong></span> <span class='ocrx_word' id='word_1_174' title='bbox 1177 3140 1392 3202; x_wconf 81' lang='lat' dir='ltr'><strong>divina</strong></span> <span class='ocrx_word' id='word_1_175' title='bbox 1434 3141 1668 3225; x_wconf 85' lang='lat' dir='ltr'><strong>ingenii</strong></span> <span class='ocrx_word' id='word_1_176' title='bbox 1711 3163 1911 3224; x_wconf 87' lang='lat' dir='ltr'><strong>opera</strong></span> <span class='ocrx_word' id='word_1_177' title='bbox 1950 3139 2371 3225; x_wconf 77' lang='lat' dir='ltr'><strong>producenda</strong></span> 
     </span>
     <span class='ocr_line' id='line_1_25' title="bbox 292 3246 2438 3333; baseline 0 -23"><span class='ocrx_word' id='word_1_178' title='bbox 292 3246 618 3310; x_wconf 78' lang='lat' dir='ltr'><strong>excultum</strong></span> <span class='ocrx_word' id='word_1_179' title='bbox 673 3247 774 3310; x_wconf 81' lang='lat' dir='ltr'><strong>iri.</strong></span> <span class='ocrx_word' id='word_1_180' title='bbox 894 3249 1029 3309; x_wconf 85' lang='lat' dir='ltr'><strong>Hac</strong></span> <span class='ocrx_word' id='word_1_181' title='bbox 1087 3247 1423 3309; x_wconf 85' lang='lat' dir='ltr'><strong>sententia</strong></span> <span class='ocrx_word' id='word_1_182' title='bbox 1465 3246 1691 3307; x_wconf 85' lang='lat' dir='ltr'><strong>nititur</strong></span> <span class='ocrx_word' id='word_1_183' title='bbox 1761 3246 1921 3308; x_wconf 84' lang='lat' dir='ltr'><strong>illud</strong></span> <span class='ocrx_word' id='word_1_184' title='bbox 1984 3250 2373 3333; x_wconf 82' lang='lat' dir='ltr'><strong>epigramma</strong></span> <span class='ocrx_word' id='word_1_185' title='bbox 2423 3269 2438 3278; x_wconf 85' lang='grc'><em>“</em></span> 
     </span>
     <span class='ocr_line' id='line_1_26' title="bbox 291 3353 2367 3438; baseline -0.002 -19"><span class='ocrx_word' id='word_1_186' title='bbox 291 3354 485 3419; x_wconf 82' lang='lat' dir='ltr'><strong>valde</strong></span> <span class='ocrx_word' id='word_1_187' title='bbox 529 3355 885 3438; x_wconf 88' lang='lat' dir='ltr'><strong>speciosum</strong></span> <span class='ocrx_word' id='word_1_188' title='bbox 928 3356 1157 3417; x_wconf 88' lang='lat' dir='ltr'><strong>incerti</strong></span> <span class='ocrx_word' id='word_1_189' title='bbox 1203 3354 1512 3425; x_wconf 77' lang='lat' dir='ltr'><strong>auctoris3</strong></span> <span class='ocrx_word' id='word_1_190' title='bbox 1557 3355 1926 3416; x_wconf 85' lang='lat' dir='ltr'><strong>nominatur</strong></span> <span class='ocrx_word' id='word_1_191' title='bbox 1966 3357 2137 3417; x_wconf 88' lang='lat' dir='ltr'><strong>enim</strong></span> <span class='ocrx_word' id='word_1_192' title='bbox 2172 3353 2367 3417; x_wconf 84' lang='lat' dir='ltr'><strong>modo</strong></span> 
     </span>
     <span class='ocr_line' id='line_1_27' title="bbox 291 3459 2378 3545; baseline -0.002 -17"><span class='ocrx_word' id='word_1_193' title='bbox 291 3464 651 3542; x_wconf 76' lang='lat' dir='ltr'><strong>Niceratus,</strong></span> <span class='ocrx_word' id='word_1_194' title='bbox 695 3461 888 3524; x_wconf 82' lang='lat' dir='ltr'><strong>modo</strong></span> <span class='ocrx_word' id='word_1_195' title='bbox 927 3462 1334 3539; x_wconf 85' lang='lat' dir='ltr'><strong>Theaetetus,</strong></span> <span class='ocrx_word' id='word_1_196' title='bbox 1368 3459 1563 3522; x_wconf 79' lang='lat' dir='ltr'><strong>modo</strong></span> <span class='ocrx_word' id='word_1_197' title='bbox 1597 3460 1997 3545; x_wconf 85' lang='lat' dir='ltr'><strong>Asclepiades</strong></span> <span class='ocrx_word' id='word_1_198' title='bbox 2038 3462 2162 3522; x_wconf 89' lang='lat' dir='ltr'><strong>alii.</strong></span> <span class='ocrx_word' id='word_1_199' title='bbox 2210 3461 2378 3525; x_wconf 79' lang='lat' dir='ltr'><strong>Vide</strong></span> 
     </span>
     <span class='ocr_line' id='line_1_28' title="bbox 291 3565 2274 3653; baseline -0.003 -20"><span class='ocrx_word' id='word_1_200' title='bbox 291 3568 608 3634; x_wconf 78' lang='lat' dir='ltr'><strong>Brunckii</strong></span> <span class='ocrx_word' id='word_1_201' title='bbox 647 3568 905 3631; x_wconf 85' lang='lat' dir='ltr'><strong>Anthol.</strong></span> <span class='ocrx_word' id='word_1_202' title='bbox 947 3570 1024 3632; x_wconf 87' lang='lat' dir='ltr'><strong>T.</strong></span> <span class='ocrx_word' id='word_1_203' title='bbox 1054 3570 1117 3631; x_wconf 21' lang='lat'><strong>⁴1.</strong></span> <span class='ocrx_word' id='word_1_204' title='bbox 1160 3591 1228 3652; x_wconf 80' lang='lat' dir='ltr'><strong>p.</strong></span> <span class='ocrx_word' id='word_1_205' title='bbox 1265 3587 1406 3651; x_wconf 73' lang='lat'><strong>427.</strong></span> <span class='ocrx_word' id='word_1_206' title='bbox 1445 3572 1514 3629; x_wconf 81' lang='lat' dir='ltr'><strong>e&#39;t</strong></span> <span class='ocrx_word' id='word_1_207' title='bbox 1547 3565 1777 3629; x_wconf 81' lang='lat' dir='ltr'><strong>Athen.</strong></span> <span class='ocrx_word' id='word_1_208' title='bbox 1825 3569 1902 3629; x_wconf 86' lang='lat'><strong>11.</strong></span> <span class='ocrx_word' id='word_1_209' title='bbox 1944 3591 2009 3653; x_wconf 82' lang='lat' dir='ltr'><strong>p.</strong></span> <span class='ocrx_word' id='word_1_210' title='bbox 2054 3575 2152 3652; x_wconf 78' lang='lat'><strong>39.</strong></span> <span class='ocrx_word' id='word_1_211' title='bbox 2203 3568 2274 3628; x_wconf 93' lang='lat' dir='ltr'><strong>C.</strong></span> 
     </span>
    </p>
   </div>
   <div class='ocr_carea' id='block_1_7' title="bbox 464 3771 2272 4183">
    <p class='ocr_par' dir='ltr' id='par_1_7' title="bbox 464 3771 2051 3865">
     <span class='ocr_line' id='line_1_29' title="bbox 464 3771 2051 3865; baseline -0.003 -19"><span class='ocrx_word' id='word_1_212' title='bbox 464 3771 657 3856; x_wconf 79' lang='grc' dir='ltr'><strong><em>Οἶνος</em></strong></span> <span class='ocrx_word' id='word_1_213' title='bbox 704 3803 806 3846; x_wconf 79' lang='grc' dir='ltr'><strong>τοι</strong></span> <span class='ocrx_word' id='word_1_214' title='bbox 834 3777 1116 3863; x_wconf 76' lang='grc' dir='ltr'><strong><em>χαρίεντι</em></strong></span> <span class='ocrx_word' id='word_1_215' title='bbox 1157 3777 1331 3845; x_wconf 76' lang='grc' dir='ltr'><strong><em>πέλει</em></strong></span> <span class='ocrx_word' id='word_1_216' title='bbox 1367 3782 1564 3862; x_wconf 82' lang='grc' dir='ltr'><strong><em>ταχῦς</em></strong></span> <span class='ocrx_word' id='word_1_217' title='bbox 1607 3774 1796 3854; x_wconf 65' lang='grc' dir='ltr'><strong><em>ἵππιος</em></strong></span> <span class='ocrx_word' id='word_1_218' title='bbox 1834 3771 2051 3865; x_wconf 68' lang='grc' dir='ltr'><strong><em>ἀοιδῷ,</em></strong></span> 
     </span>
    </p>

    <p class='ocr_par' dir='ltr' id='par_1_8' title="bbox 480 3878 2272 4183">
     <span class='ocr_line' id='line_1_30' title="bbox 552 3878 2051 3971; baseline -0.003 -20.864"><span class='ocrx_word' id='word_1_219' title='bbox 552 3883 768 3971; x_wconf 75' lang='grc' dir='ltr'><strong><em>“Ὶ’δωρ</em></strong></span> <span class='ocrx_word' id='word_1_220' title='bbox 814 3886 883 3949; x_wconf 74' lang='grc' dir='ltr'><strong>δὲ</strong></span> <span class='ocrx_word' id='word_1_221' title='bbox 922 3885 1120 3950; x_wconf 81' lang='grc' dir='ltr'><strong><em>πίνων</em></strong></span> <span class='ocrx_word' id='word_1_222' title='bbox 1154 3891 1433 3970; x_wconf 78' lang='grc' dir='ltr'><strong><em>χρηστὸν</em></strong></span> <span class='ocrx_word' id='word_1_223' title='bbox 1475 3880 1685 3949; x_wconf 69' lang='grc' dir='ltr'><strong><em>οῦδὲν</em></strong></span> <span class='ocrx_word' id='word_1_224' title='bbox 1695 3878 1777 3949; x_wconf 74' lang='grc' dir='ltr'><strong>ἂν</strong></span> <span class='ocrx_word' id='word_1_225' title='bbox 1825 3882 2051 3958; x_wconf 83' lang='grc' dir='ltr'><strong><em>τέκοις.</em></strong></span> 
     </span>
     <span class='ocr_line' id='line_1_31' title="bbox 480 3983 2272 4078; baseline -0.005 -18"><span class='ocrx_word' id='word_1_226' title='bbox 480 3995 691 4060; x_wconf 68' lang='grc' dir='ltr'><strong><em>Ταῦτ’</em></strong></span> <span class='ocrx_word' id='word_1_227' title='bbox 720 3990 941 4078; x_wconf 60' lang='grc' dir='ltr'><strong><em>ἔλεγεν,</em></strong></span> <span class='ocrx_word' id='word_1_228' title='bbox 985 3983 1274 4072; x_wconf 79' lang='grc' dir='ltr'><strong><em>Διόνυσε,</em></strong></span> <span class='ocrx_word' id='word_1_229' title='bbox 1316 4017 1420 4057; x_wconf 86' lang='grc' dir='ltr'><strong>και</strong></span> <span class='ocrx_word' id='word_1_230' title='bbox 1458 3990 1666 4056; x_wconf 78' lang='grc' dir='ltr'><strong><em>ἔπνεεν</em></strong></span> <span class='ocrx_word' id='word_1_231' title='bbox 1710 3984 1827 4072; x_wconf 84' lang='grc' dir='ltr'><strong>οὗχ</strong></span> <span class='ocrx_word' id='word_1_232' title='bbox 1867 3986 2010 4065; x_wconf 71' lang='grc' dir='ltr'><strong>ἑνός</strong></span> <span class='ocrx_word' id='word_1_233' title='bbox 2049 3983 2272 4066; x_wconf 59' lang='lat' dir='ltr'><strong>donov,</strong></span> 
     </span>
     <span class='ocr_line' id='line_1_32' title="bbox 548 4091 1934 4183; baseline -0.004 -19"><span class='ocrx_word' id='word_1_234' title='bbox 548 4099 882 4183; x_wconf 80' lang='grc' dir='ltr'><strong><em>Κρατῖνος,</em></strong></span> <span class='ocrx_word' id='word_1_235' title='bbox 924 4092 1088 4164; x_wconf 76' lang='grc' dir='ltr'><strong>ἀλλὰ</strong></span> <span class='ocrx_word' id='word_1_236' title='bbox 1129 4100 1361 4172; x_wconf 80' lang='grc' dir='ltr'><strong><em>παντός</em></strong></span> <span class='ocrx_word' id='word_1_237' title='bbox 1406 4091 1684 4174; x_wconf 77' lang='grc' dir='ltr'><strong><em>ωδωδῶς</em></strong></span> <span class='ocrx_word' id='word_1_238' title='bbox 1716 4092 1934 4162; x_wconf 75' lang='grc' dir='ltr'><strong>πίθου.</strong></span> 
     </span>
    </p>
   </div>
   <div class='ocr_carea' id='block_1_8' title="bbox 2029 4197 2074 4262">
    <p class='ocr_par' dir='ltr' id='par_1_9' title="bbox 2029 4197 2074 4262">
     <span class='ocr_line' id='line_1_33' title="bbox 2029 4197 2074 4262; baseline 0 0"><span class='ocrx_word' id='word_1_239' title='bbox 2029 4197 2074 4262; x_wconf 89' lang='grc'>3</span> 
     </span>
    </p>
   </div>
  </div>
 </body>
</html>
