3119 5087
32 732 37 753 v
32 50 43 671 2--2w--—-·-÷=-r2*-u**-r·—

1537 421 1635 439 ·····
1736 398 1874 464 102
1969 425 2069 465 ,¹⁹-

771 577 956 641 huius
997 575 1251 658 fabulae
1297 576 1469 663 apud
1506 577 1829 658 photium,
1871 579 2152 659 suidam,
2186 578 2602 666 Athenaeum.
2635 580 2839 644 Scho-

766 685 1019 746 liastam
1063 674 1519 768 AristophaniS,
1565 686 1718 749 alios
1757 686 2047 764 laudatis,
2086 708 2246 770 quae
2275 688 2412 748 fere
2447 687 2659 748 omnia
2687 709 2842 748 con-

771 791 1088 855 viviorum
1146 802 1544 876 apparatum,
1605 793 2030 876 parasitorum
2065 793 2479 854 voracitatem
2520 801 2585 854 et
2628 793 2841 876 gulam

772 896 1215 980 inexplebilem
1293 899 1623 984 explicant.
1743 899 1959 962 Veluti
2040 898 2210 983 apud
2271 884 2688 962 Plutarchum
2758 902 2838 965 de

765 1004 1024 1067 Adulat.
1075 1015 1139 1066 et
1183 1006 1415 1066 amicit.
1461 1026 1516 1066 c.
1567 1012 1662 1070 13.
1709 1005 1805 1066 his
1847 1004 2088 1067 verbis:

1016 1114 1080 1176 Γ
1075 1114 1272 1196 αστῆρ
1320 1107 1471 1175 ὅλον
1510 1113 1582 1173 τὸ
1619 1111 1835 1190 σῶμα,
1886 1109 2167 1197 πανταχῇ
2205 1109 2455 1192 βλέπων

1017 1211 1370 1303 ὀφθαλμὸς,
1413 1217 1606 1302 ἕρπον
1641 1225 1773 1292 τοῖς
1812 1211 2037 1281 ὀδοῦσι
2072 1214 2319 1302 θὴριον,

773 1325 1034 1411 parasiti
1077 1325 1311 1408 effigies
1355 1324 1791 1402 adumbratur,
1837 1325 2038 1387 ,amici
2083 1323 2229 1409 περὶ
2262 1321 2525 1407 τάγηνον
2565 1322 2675 1388 καὶ
2707 1325 2840 1403 μετ’

775 1425 1054 1516 ἄριστον,
1089 1440 1161 1492 ut
1191 1431 1452 1514 Eupolis
1487 1432 1577 1492 ait
1613 1434 1732 1509 (De
1759 1431 1883 1493 hoc
1909 1432 2054 1495 loco
2076 1432 2156 1493 cf.
2179 1429 2836 1493 SchaeferiMeletem.

776 1543 920 1604 crit.
965 1543 1030 1602 in
1070 1539 1330 1622 Dionys.
1379 1547 1495 1598 art.
1542 1537 1784 1599 rhetor.
1833 1561 1894 1621 p.
1942 1542 2137 1617 134.);
2208 1535 2317 1621 qui
2358 1536 2718 1599 adulatores
2763 1559 2839 1599 eo

775 1647 1147 1711 temeritatis
1176 1653 1651 1726 processerunt,
1690 1654 1763 1705 ut
1794 1666 1913 1706 nec
1957 1645 2100 1728 igne
2143 1666 2262 1706 nec
2310 1665 2457 1706 aere
2500 1666 2619 1713 nec
2663 1646 2842 1705 ferro
2892 1644 2897 1648 ’

773 1754 816 1815 ’a
883 1776 1084 1815 coena
1141 1753 1378 1814 Calliae
1446 1754 1653 1814 arceri
1694 1775 1875 1836 posse
1922 1753 2213 1816 dicantur
2256 1755 2321 1815 in
2368 1765 2584 1816 nostra
2627 1755 2841 1815 fabula

774 1846 894 1939 ⁹(cf.
945 1859 1269 1920 Plutarch.
1326 1859 1391 1920 in
1447 1859 1698 1933 libello:
1759 1862 2029 1923 Maxime
2073 1883 2219 1923 cum
2258 1856 2652 1945 principibus
2695 1862 2840 1923 viris

774 1966 1158 2050 philosopho
1202 1989 1334 2029 esse
1379 1967 1827 2053 disputandum
1862 1969 1926 2030 in
1958 1970 2106 2030 fine.
2156 1969 2332 2030 Suid.
2369 1993 2428 2031 v.
2464 1964 2844 2053 Λαφυγμός.

775 2071 1040 2132 Bekker.
1084 2072 1322 2134 Anecd.
1368 2096 1461 2157 gr.
1504 2097 1568 2158 p.
1614 2079 1717 2156 96,
1766 2098 1861 2156 17.
1904 2074 2132 2136 Athen.
2177 2075 2316 2136 VH.
2362 2099 2426 2159 p.
2456 2079 2651 2154 286.).
2698 2074 2845 2138 Cal-

777 2175 929 2236 liam
970 2177 1311 2262 Hipponici
1370 2180 1570 2241 filium
1617 2181 2011 2264 *patrimonia
2053 2181 2408 2263 profudisse
2450 2181 2597 2242 luxu
2640 2192 2706 2243 et
2749 2181 2846 2242 di·-

777 2282 1112 2367 lapidasse,
1174 2286 1433 2369 eiusque
1490 2308 1637 2347 cum
1688 2274 1975 2369 parasitis
2018 2309 2265 2349 morem
2307 2287 2372 2347 in
2421 2287 2543 2347 hac
2586 2308 2844 2350 comoe-

782 2389 886 2452 dia
933 2392 1157 2474 exponi
1202 2402 1423 2453 monet
1465 2392 1817 2453 Scholiasta
1860 2392 1941 2452 ad
1965 2393 2399 2476 Aristophanis
2426 2397 2584 2455 Aves
2618 2416 2674 2454 v.
2702 2398 2840 2473 284.

943 2498 1103 2559 Acta
1170 2508 1263 2560 est
1321 2497 1482 2560 haec
1541 2499 1868 2583 Eupolidis
1923 2500 2138 2561 fabula
2197 2500 2519 2562 Archonte
2586 2484 2842 2579 Alcaeo,

781 2627 948 2697 anno
992 2607 1184 2669 tertio
1229 2606 1617 2689 Olympiadis
1660 2607 2079 2690 octogesimae
2114 2628 2319 2668 nonae
2357 2608 2449 2688 (a.
2481 2607 2840 2688 Chr..'421.)

783 2724 849 2775 et
908 2722 1168 2798 praeter
1223 2713 1528 2796 parasitos
1580 2712 1939 2789 universim,
1981 2713 2333 2774 Alcibiades
2370 2724 2640 2797 propter
2684 2716 2846 2776 insa-

782 2844 931 2882 nam
989 2831 1053 2882 et
1111 2818 1515 2881 libidinosam
1571 2819 1822 2881 vivendi
1866 2822 2179 2882 rationem
2228 2821 2476 2899 (Athen.
2519 2823 2659 2881 XII.
2706 2826 2841 2885 535.

780 2931 856 3004 A)
926 2937 991 2990 et
1043 2928 1423 3009 Protagoras
1479 2927 1693 3004 Teius,
1738 2925 2015 3009 sophista
2059 2938 2122 2989 et
2166 2929 2389 2989 Callias
2439 2929 2688 3007 (Athen.
2732 2932 2841 2989 XI.

785 3040 924 3100 506.
967 3036 1038 3095 F.
1085 3034 1221 3095 VII.
1266 3036 1406 3098 268.
1453 3034 1526 3109 B)
1574 3044 1878 3117 quantum
1926 3034 2214 3117 equidem
2263 3037 2415 3112 scio,
2450 3036 2843 3119 potissimum

783 3140 1394 3224 perstringebantur.
1429 3126 1441 3140 ⁸
1476 3140 1895 3223 Protagoram
1936 3150 2007 3199 ut
2046 3141 2303 3202 Athenis
2344 3152 2704 3203 versantem
2748 3143 2886 3216 inf

786 3245 960 3308 duxit
998 3245 1291 3328 Eupolis:
1339 3244 1642 3328 Amipsias
1690 3255 1901 3307 autem
1947 3247 2010 3306 in
2061 3247 2306 3322 Conno,
2346 3248 2559 3309 fabula
2585 3249 2842 3309 biennio

783 3351 957 3435 prius
1015 3351 1080 3411 in
1143 3373 1398 3412 scenam
1453 3351 1768 3433 producta
1815 3352 1955 3430 (Ol.
2007 3355 2357 3415 LXXXIX.
2409 3359 2485 3431 ι.)
2537 3355 2848 3439 Protago-

784 3480 924 3518 ram
965 3458 1030 3518 in
1076 3457 1499 3540 sophistarum
1541 3456 1740 3517 choro
1788 3479 1916 3518 non
1960 3469 2269 3521 recenset.
2378 3462 2608 3545 Liquet
2658 3463 2852 3547 igitur

785 3564 954 3624 intra
1012 3552 1169 3624 illud
1230 3574 1477 3647 tempus
1538 3585 1685 3625 eum
1747 3559 2068 3626 advenisse
2114 3549 2376 3645 (Atlien.
2420 3567 2499 3630 V.
2542 3572 2683 3631 218.
2730 3570 2850 3647 C.).

785 3671 991 3730 Locus
1051 3669 1353 3752 Diogenis
1415 3670 1653 3731 Laertii
1712 3671 1842 3730 IX:
1886 3675 2004 3745 5o.‚
2070 3693 2259 3753 quem
2300 3672 2418 3733 viri
2462 3672 2636 3737 docti
2676 3677 2856 3739 varie

785 3775 1230 3837 intellexerunt
1288 3785 1352 3836 et
1412 3775 1814 3858 interpretati
1868 3785 2032 3854 sunt,
2092 3777 2248 3839 mihi
2295 3779 2433 3842 fere
2489 3782 2860 3864 persuadet,
3079 3771 3085 3818 ¹

783 3882 1202 3965 Protagoram
1273 3879 1620 3964 sophistam
1701 3881 1924 3965 ipsum'
1966 3883 2044 3944 ab
2095 3883 2413 3968 Eupolide
2472 3886 2537 3946 in
2600 3908 2865 3951 scenam

785 3987 1172 4070 productum
1231 4007 1398 4057 esse.;
1469 4009 1617 4047 nam
1677 3987 1786 4047 illa
1845 4010 2141 4072 persona5
2198 4005 2362 4077 quae
2408 3994 2788 4057 sententiam
2829 4021 2869 4059 a

786 4094 1074 4178 Diogene
1119 4093 1375 4155 Laertio
1402 4086 1773 4155 servatam:
2348 4084 2362 4100 “
