3119 5087
350 1157 528 1244 Cum
571 1193 827 1268 praeter
866 1185 1191 1249 Cratinum
1236 1198 1299 1251 et
1345 1189 1828 1273 Aristophanem
1871 1186 1935 1246 in
1968 1186 2166 1263 veteri
2196 1186 2402 1251 Grae-

349 1317 576 1357 corum
635 1299 964 1360 comoedia
1019 1300 1200 1362 multi
1258 1311 1461 1364 essent
1522 1311 1751 1387 poetae
1811 1301 1979 1384 iique
2037 1321 2146 1362 sua
2190 1311 2414 1375 aetate¹

346 1402 690 1464 admodum
750 1405 905 1465 clari
960 1407 1244 1491 adeoque
1301 1408 1622 1484 florente-S,
1666 1416 1737 1468 ut
1782 1426 1928 1468 cum
1972 1406 2399 1470 celeberrimis

347 1520 662 1571 certantes
707 1509 773 1570 in
813 1531 1001 1573 scena
1044 1536 1310 1575 summas
1346 1515 1649 1576 victoriae
1673 1512 1906 1573 ‚laudes
1950 1534 2137 1595 saepe
2171 1534 2400 1596 repor-

344 1624 577 1692 tarent,
634 1615 838 1675 nullus
881 1626 1094 1678 tamen
1138 1628 1229 1679 est
1265 1612 1586 1703 Eupolide
1620 1619 1944 1703 insignior,
2009 1619 2238 1696 nullm,
2286 1620 2399 1702 qui

345 1742 494 1781 cum
553 1721 821 1785 Cratino
875 1733 939 1783 et
993 1724 1407 1807 Aristophane
1457 1726 1714 1786 arctiori
1755 1725 2009 1786 vinculo
2054 1725 2399 1789 cohaereat

348 1836 414 1887 et
453 1811 715 1909 saepius*
741 1827 1111 1890 coniunctus
1153 1829 1567 1912 perhibeatur
1608 1832 1671 1891 in
1705 1842 1993 1893 veterum
2020 1854 2398 1893 monumen-

340 1932 444 2009 tis,
509 1932 617 2011 ita,
672 1940 744 1992 ut
800 1933 864 1992 in
919 1933 1014 1994 his
1051 1935 1250 1995 tribus
1295 1937 1498 2018 poetis
1543 1937 1850 2021 elegantia
1893 1947 1956 1998 et
1995 1939 2241 2000 Atticae
2283 1959 2401 2000 co-

343 2038 636 2099 moediae
693 2025 937 2100 summa
971 2040 1220 2102 cultura
1262 2042 1534 2103 inveniri
1574 2054 1639 2104 et
1678 2044 1953 2126 perspici
1994 2065 2176 2125 posse
2218 2044 2399 2105 vide-

345 2154 553 2206 antur.
663 2145 826 2207 Hinc
867 2148 1104 2210 factum
1155 2157 1267 2225 est,
1316 2157 1387 2207 ut
1431 2148 1526 2223 iis,
1572 2169 1730 2230 quae
1774 2169 1963 2230 supra
2007 2148 2085 2208 de
2134 2148 2396 2209 Cratino

343 2253 621 2335 exposita
678 2262 849 2328 sunt,
914 2252 1420 2336 disputationem,
1476 2275 1602 2335 qua
1660 2255 1826 2323 vitae
1871 2263 1936 2315 et
1979 2253 2397 2316 celebratissi-

312 2379 587 2439 ¹marum
643 2359 1001 2419 fabularum
1059 2359 1386 2441 Eupolidis
1431 2359 1856 2441 cognitionem
1893 2359 2084 2442 paulo
2129 2382 2395 2421 accura-

336 2464 572 2526 tiorem
611 2465 766 2526 mihi
807 2465 1070 2526 videbar
1112 2475 1425 2527 assecutus
1470 2488 1623 2543 esse,
1668 2475 2005 2528 annectere
2045 2467 2394 2528 constitue-

339 2594 499 2647 rem,
544 2573 761 2655 paucis
808 2572 929 2635 bac
969 2572 1297 2656 provincia
1338 2596 1441 2635 me
1477 2572 1731 2656 defungi
1755 2594 1937 2655 posse
1967 2583 2161 2649 ratuS,
2193 2595 2396 2656 quan·-

342 2677 687 2761 doquidem
745 2679 811 2739 in
866 2679 1070 2761 priori
1113 2680 1321 2762 capite
1365 2680 1443 2741 de
1490 2679 1860 2763 quibusdam
1904 2679 2396 2761 quaestionibuS‚

322 2806 501 2866 'quae
543 2783 622 2843 ad
669 2783 950 2846 indolem
993 2794 1058 2846 et
1095 2785 1530 2846 characterem
1553 2784 1882 2868 Eupolidis
1917 2784 2395 2846 diiudicandum

337 2867 734 2972 spectabant,
781 2890 1165 2973 disputatum
1211 2900 1323 2952 est.

505 2997 576 3055 In
638 2995 852 3057 limine
902 2996 1088 3057 huius
1156 2995 1618 3078 disputationiS,
1678 2994 1853 3072 alioS,
1913 2994 2022 3078 qui
2064 2993 2396 3077 Eupolidis

338 3122 571 3161 nomen
632 3111 979 3185 gesserunt,
1037 3107 1434 3163 secernamus
1504 3124 1542 3161 a
1601 3110 1817 3162 nostro
1869 3110 2064 3183 poeta
2124 3100 2395 3177 comico,

339 3228 618 3290 quocum
687 3208 916 3291 passim
972 3208 1217 3268 confusi
1275 3215 1421 3267 sunt
1476 3229 1514 3266 a
1572 3206 1720 3269 viris
1765 3207 1984 3268 doctis,
2068 3206 2400 3290 Eupolidis

341 3313 690 3391 cuiusdam,
739 3336 926 3398 quem
974 3312 1262 3383 nonnulli
1304 3311 1679 3394 interpretes
1722 3312 2091 3374 comoediae
2125 3313 2398 3396 script&

342 3441 480 3480 rem
519 3442 859 3503 perperam
902 3430 1230 3504 putarunt,
1273 3419 1662 3481 mentionem
1700 3419 1854 3480 facit
1896 3419 2157 3481 Ovidius
2203 3419 2269 3479 in
2303 3418 2401 3480 Ibi

341 3528 476 3590 532.
519 3526 615 3586 his
657 3526 970 3588 versibus:

506 3632 600 3693 Sit
647 3633 763 3693 tibi
807 3633 1084 3715 coniugii
1126 3655 1244 3693 nox
1289 3633 1494 3715 prima
1536 3629 1873 3692 novissima
1914 3628 2116 3701 vitae;
2185 3667 2190 3672 -
2235 3634 2246 3640 ’

502 3739 763 3823 Eupolis
807 3739 932 3801 hoc
972 3740 1185 3823 periit,
1230 3749 1294 3800 et
1336 3761 1500 3799 nova
1543 3746 1765 3819 nupta,
1811 3736 2023 3798 modo.

337 3847 434 3910 Ab
479 3848 610 3908 aliis
653 3846 1103 3928 interpretibus
1150 3845 1422 3905 refutata
1465 3853 1559 3905 est
1597 3843 1757 3905 haec
1800 3842 2110 3905 sententia
2154 3850 2217 3902 et
2249 3840 2399 3903 sub-

339 3955 588 4016 stitutus
634 3962 729 4015 est
767 3952 1048 4035 Eupolis,
1082 3952 1295 4013 Niciae
1337 3950 1521 4027 filius»,
1566 3973 1602 4010 a
1649 3949 1893 4012 comico
1943 3950 2244 4027 diversus,
2288 3969 2403 4009 cu-

339 4059 435 4121 ius
464 4081 639 4137 uxor,
673 4060 1060 4144 Glycerium,
1085 4068 1334 4144 patrem
1357 4055 1583 4121 habuit
1613 4054 1949 4126 Eudicunt.
2035 4055 2165 4122 Hos
2193 4055 2403 4140 prima
