3119 5087
1544 425 1650 445 ,,.,,,
1751 381 1853 469 24¹
1928 352 2040 443 ’.-

1665 594 1668 595 ἢ
1733 581 1888 665 V.'

736 768 1055 855 -Vivendi
1095 793 1559 879 turpitudinem
1602 793 2076 879 Aristophanes„
2100 794 2331 879 aliique
2385 792 2452 881 in
2477 782 2823 881 ‘Cratinum

756 909 1050 969 conferre
1109 930 1290 990 posse
1337 910 1454 970 sihi
1497 908 1901 988 videbantur,
1964 908 2074 993 qui
2116 917 2345 992 poetae
2389 906 2590 968 nostri
2633 906 2819 966 fabu-

753 1013 964 1075 larum
1015 1015 1409 1097 integrarum
1467 1017 1740 1101 singulos
1796 1018 1969 1077 locos
2010 1016 2114 1078 vel
2154 1018 2524 1100 fragmenta,
2571 1014 2637 1074 in
2679 1014 2821 1097 qui-.-

747 1120 869 1203 bus
934 1121 1314 1184 deterrimae
1393 1123 1562 1185 vitae
1630 1124 2024 1185 conditiones
2087 1144 2277 1205 saepe
2354 1121 2819 1200 describuntur,

747 1226 915 1289 iusto
957 1226 1249 1289 severius»
1274 1239 1645 1312 presserunt
1686 1240 1874 1314 atque
1919 1239 2134 1291 mente
2182 1210 2690 1290 contrecta-unu
2727 1229 2821 1291 Ex

747 1334 1181 1418 Aristophanis
1223 1358 1376 1398 vero
1421 1336 1665 1397 facetiis
1710 1336 2184 1419 cavillandique‘
2216 1357 2397 1397 more
2439 1335 2651 1420 colligi
2681 1358 2820 1399 om-

748 1443 903 1504 nino
949 1436 1185 1525 nequit
1216 1442 1546 1505 Cratinum
1588 1443 1794 1545 ipsum
1836 1442 2228 1527 impudicum
2267 1443 2455 1507 fuisse
2470 1468 2496 1517 ς·
2571 1498 2582 1512 .
2807 1426 2814 1431 ,

989 1551 1148 1610 Nam
1190 1559 1432 1611 castum
1479 1572 1611 1611 esse
1658 1550 1846 1612 decet
1883 1550 2063 1633 pium
2101 1559 2363 1634 poetam

986 1658 1221 1740 Ipsum,
1261 1650 1605 1717 versiculos
1651 1656 1808 1717 nihil
1849 1677 2105 1718 necesse
2158 1665 2271 1717 est.
2317 1664 2328 1677 ²

747 1761 974 1822 catull.
1019 1783 1214 1823 carm.
1260 1764 1431 1825 xvl.
1482 1766 1539 1826 5.
1608 1763 1772 1825 Plin.
1818 1746 2020 1846 Epist.
2069 1763 2173 1826 iv.
2231 1780 2325 1842 14.

909 1867 1083 1937 Haec
1126 1869 1544 1942 venustissimi
1585 1880 1814 1953 poetae
1858 1868 2168 1932 sententia
2208 1891 2328 1952 per
2369 1889 2435 1929 se
2473 1866 2814 1930 admodum

730 1976 1093 2059 probabilis
1157 1976 1648 2041 arbitrandafeo
1686 1978 1996 2039 maiorem
2035 1975 2425 2039 nanciscitur
2470 1978 2817 2039 auctorita-

743 2091 902 2160 tem,
964 2105 1090 2167 quo
1153 2083 1538 2144 enucleatius
1577 2093 2075 2167 perscrutamur,
2120 2104 2201 2143 an
2244 2092 2438 2165 poeta
2484 2083 2705 2167 aliquis
2746 2084 2812 2144 in

741 2188 1054 2251 sectandis
1114 2190 1301 2268 vitiis,
1364 2190 1591 2274 quihus
1652 2211 1765 2250 sua
1811 2201 1979 2252 aetas
2025 2191 2295 2273 laborat,
2341 2200 2686 2273 occupatus
2734 2189 2812 2251 sit
2861 2245 2866 2250 .

717 2319 965 2360 necne.
1085 2298 1247 2359 Cum
1315 2319 1469 2359 vero
1547 2297 1795 2381 priscae
1855 2297 2225 2359 comoediae
2295 2296 2465 2380 apud
2530 2299 2808 2358 Graecos

738 2407 900 2465 unus
959 2406 1098 2466 fere
1169 2404 1504 2466 character
1569 2405 1635 2465 in
1682 2405 1973 2466 notandis
2017 2416 2081 2465 et
2122 2404 2527 2467 traducendis
2573 2427 2806 2488 aequa-

714 2511 897 2573 ·lium
936 2511 1183 2596 flagitiis
1231 2512 1552 2589 consistat,
1619 2511 2008 2594 singulorum
2050 2511 2443 2572 comicorum
2487 2511 2823 2594 duplicem‘

713 2628 804 2680 ·et
844 2618 1103 2702 quidem
1131 2619 1541 2685 subiectivam
1564 2603 1809 2701 pariter
1834 2628 2022 2701 atque
2050 2618 2450 2696 obiectivain,
2481 2641 2672 2701 quam
2693 2641 2803 2679 vo-

735 2736 904 2803 cant,
950 2727 1287 2804 rationem,
1333 2748 1458 2809 qua
1503 2724 1588 2785 ad
1626 2724 1890 2786 civitatis
1938 2733 2168 2788 statum
2208 2734 2272 2786 et
2300 2724 2380 2785 ad
2406 2745 2470 2786 se
2506 2724 2671 2809 ipsos
2701 2746 2805 2786 re·-

714 2834 1050 2913 -feruntur,
1108 2833 1459 2894 accuratius
1516 2840 1994 2915 perscrutemur
2051 2852 2308 2894 necesse
2370 2841 2494 2903 est;
2565 2853 2637 2892 ex
2677 2829 2800 2892 hac

733 2942 905 3003 enim
934 2942 1266 3002 aestimare
1293 2940 1462 3018 licet,
1497 2939 1818 3023 quomodo
1851 2939 2005 3023 ipsa,
2044 2938 2109 2999 in
2151 2960 2275 3022 qua
2309 2937 2547 3015 vivunt,
2584 2938 2797 3000 civitas

648 3068 655 3078 ’
710 3068 870 3108 ‘sese
913 3048 1167 3124 habeat,
1213 3069 1365 3107 num
1410 3048 1496 3108 ita
1540 3047 1620 3108 sit
1661 3056 1964 3130 corrupta
2007 3055 2073 3107 et
2111 3045 2476 3129 depravata,
2520 3054 2592 3106 ut
2653 3044 2797 3106 satis

708 3154 974 3238 ·largam
1017 3154 1385 3237 indignandi
1427 3153 1759 3215 materiam
1796 3143 2139 3236 praebeat;
2208 3174 2279 3213 ex
2319 3152 2515 3214 altera
2560 3160 2795 3228 autem,
2873 3159 2881 3175 '

712 3281 810 3321 ·an
852 3270 1081 3342 poetae
1142 3282 1318 3323 mens
1362 3270 1550 3344 atque
1581 3261 1837 3320 'animus
1880 3260 1967 3321 ita
2011 3260 2085 3319 its
2129 3260 2526 3335 constitutuS,
2585 3267 2658 3319 ut
2698 3258 2796 3319 sui

710 3370 1028 3452 'temporis
1070 3365 1306 3451 flagitia
1346 3376 1521 3428 recte
1568 3367 1904 3451 percipiat,
1954 3388 2176 3427 eorum
2213 3367 2422 3427 sontes
2453 3376 2795 3449 cognoscat

715 3475 1198 3559 indignatioque
1246 3496 1317 3536 ex
1357 3474 1547 3558 ipsius
1593 3474 1802 3534 animo
1849 3496 1923 3533 ac
1965 3482 2230 3555 pectore
2280 3493 2617 3557 erumpens
2657 3473 2791 3557 ipsa

722 3582 964 3644 scelera
1043 3591 1337 3643 accurate
1414 3565 1755 3665 depingere
1825 3590 1889 3641 et
1965 3580 2240 3663 graviter
2299 3580 2553 3663 aggredi
2613 3581 2787 3641 sciat.

719 3693 855 3753 Hae
936 3693 1101 3775 leges
1161 3715 1291 3753 non
1352 3692 1556 3753 solum
1614 3690 2045 3753 observandae
2117 3701 2263 3752 sunt
2325 3693 2387 3752 in
2460 3691 2785 3752 censendis

719 3802 1112 3861 Graecarum
1154 3799 1509 3862 litterarum
1551 3799 2001 3875 monumentiS,
2047 3820 2207 3880 quae
2252 3819 2322 3859 ex
2365 3799 2621 3881 antiqua
2675 3820 2787 3859 co·-

714 3906 966 3968 moedia
1011 3889 1331 3990 prodiere,
1379 3905 1495 3967 sed'
1533 3906 1724 3991 etiam
1757 3906 1823 3966 in
1852 3904 2197 3966 tractandis
2226 3905 2598 3967 Latinorum
2623 3927 2785 3987 poe-

706 4014 814 4090 tis,
871 4034 1145 4097 quorum
1199 4013 1423 4097 insigni
1486 4012 1741 4097 ingenio
1801 3996 1993 4074 satira
2058 4013 2299 4076 exculta
2347 4024 2458 4092 est,
2524 4025 2594 4076 ut
2637 4024 2784 4076 sunt

712 4121 1014 4201 Lucilius,
1054 4121 1375 4201 Horatius,
1419 4119 1692 4199 Persius,
1743 4121 2073 4218 Iuvenalis,
2101 4120 2225 4199 alii,
2263 4121 2392 4206 qui,
2435 4120 2786 4185 Athenien-
