3119 5087
1573 298 1584 337 Ι

1176 395 1663 466 ...ω-...-

383 579 789 641 nominatum'
820 579 1079 664 legimus
1117 573 1278 642 Poll.
1322 581 1488 656 Vm.
1535 549 1687 668 ¹⁶93
1746 578 1922 646 voce'
1949 584 2208 671 βαπτειγ
2250 583 2451 646 utitur

383 685 645 770 Eupolis
685 685 750 746 in
791 685 916 748 hoc
958 707 1171 751 versu:
1284 690 1293 699 ¹

510 917 515 924 ι
562 845 568 857 “
628 835 900 904 Bainun·
937 842 1016 904 τᾶ
1057 835 1258 922 κάλλη
1295 841 1375 904 τὰ
1412 837 1755 927 melorum
1791 839 1872 927 τῇ
1910 840 2053 930 θτᾷ.

390 993 597 1076 Etym.
637 996 722 1054 M.
768 1016 834 1076 p·
880 999 1024 1074 486.
1070 1015 1171 1079 47.
1220 1057 1241 1069 ,
1271 997 1458 1060 Hunc
1499 1019 1751 1059 versum
1792 993 2158 1078 fragmentis
2201 1001 2457 1057 nostrae

392 1098 646 1162 fabulae
717 1099 1081 1163 addendum
1157 1123 1289 1175 esse
1358 1104 1482 1165 iam
1536 1102 1778 1164 dudum
1836 1102 2118 1173 co'nieci;
2182 1111 2461 1162 metrum

395 1204 752 1267 emendavit
791 1207 1079 1270 Meineke
1124 1209 1190 1270 in
1236 1209 1386 1271 Cur.
1429 1211 1571 1271 crit.
1620 1232 1684 1293 p.
1739 1234 1832 1292 17.
1892 1209 2259 1292 (Perperam
2303 1207 2462 1268 cita-

397 1321 506 1372 tur
544 1334 755 1373 versus
799 1315 968 1398 apud
1007 1315 1437 1394 Meinekium).
1519 1315 1878 1378 Adsuerunt
1924 1315 2118 1399 igitur
2162 1312 2465 1375 sacerdo-

400 1428 495 1480 tes
534 1415 928 1500 βαπτίζοντες
971 1442 1082 1482 seu
1118 1417 1371 1501 βάπται,
1416 1443 1545 1485 non
1586 1443 1741 1485 vero
1786 1424 1898 1500 ita,
1938 1432 2011 1483 ut
2052 1421 2178 1483 hoc
2229 1442 2463 1481 nomen

300 1572 305 1589 .
400 1547 523 1609 pro
585 1526 861 1607 termino
919 1527 1216 1611 technico
1269 1529 1646 1607 haberetur,
1699 1528 1813 1589 sed
1856 1529 1933 1590 ab
1988 1526 2312 1611 Eupolide
2344 1514 2467 1586 hac
2513 1594 2520 1601 ,

406 1632 861 1715 significatione
904 1635 1143 1695 fictum·
1171 1608 1341 1697 varie
1384 1635 1639 1698 iocandi
1683 1635 2224 1717 ridicularumque
2270 1633 2471 1720 actio-

408 1761 562 1799 num
628 1739 774 1800 satis
832 1739 1072 1822 largam
1133 1742 1382 1824 copiam
1425 1742 1786 1825 praeberet.
1870 1741 2071 1801 Simili
2115 1739 2307 1802 modo
2352 1739 2473 1799 So-

411 1854 615 1906 crates
654 1841 1038 1909 λεπτοτάτων
1078 1844 1287 1929 λήρων
1332 1844 1531 1930 ἱερεῦς
1582 1847 1921 1932 (Aristoph.
1957 1848 2120 1910 Nub.
2165 1850 2326 1925 358.)
2374 1845 2475 1905 in-
2528 1925 2533 1929 .

410 1950 667 2012 ducitur
709 1961 777 2011 et
797 1951 1228 2035 Strepsiadem
1271 1958 1350 2031 (v.
1389 1958 1527 2034 254.
1573 1958 1732 2039 sqq.)
1776 1954 2047 2016 ridicula
2077 1953 2477 2032 solemnitate

230 2086 235 2093 ·
290 2097 320 2133 κ-
416 2078 818 2135 consecrans,
881 2060 1246 2120 tenuissima
1287 2062 1490 2122 farina
1532 2071 1738 2123 totum
1780 2081 2204 2145 conspergens
2245 2071 2311 2122 et
2350 2061 2480 2121 tin-

417 2184 569 2245 gens
625 2163 863 2245 Baptae
924 2185 1189 2226 munere
1232 2165 1699 2248 quodammodo
1742 2167 2057 2249 fungitur.
2132 2168 2335 2228 Aliam
2380 2167 2482 2227 in-

419 2270 966 2354 terpretationem,
1026 2281 1097 2332 ut
1134 2271 1409 2349 videtur,
1472 2295 1603 2335 nou
1643 2273 1788 2334 satis
1827 2270 2230 2358 probabilem
2270 2275 2482 2357 sequi-

416 2387 526 2442 tur
565 2376 1070 2439 Hemsterhusius
1114 2378 1195 2440 ad
1236 2380 1500 2440 Luciani
1539 2379 1775 2462 Nigrin.
1821 2402 1880 2441 c.
1939 2401 2033 2460 14.
2082 2382 2158 2442 T.
2205 2381 2251 2440 Ι.
2284 2403 2350 2463 p.
2385 2385 2481 2444 53.

423 2486 526 2549 ed.
594 2486 790 2548 Reitz.
860 2494 927 2548 et
981 2484 1252 2548 Reitzius
1292 2485 1377 2548 ad
1417 2487 1768 2549 Lucianum
1809 2486 2104 2550 adversus
2151 2484 2481 2548 indoctum

425 2616 484 2654 c.
542 2612 639 2669 27.
703 2593 782 2654 T.
842 2593 947 2652 111.
1007 2614 1070 2677 p.
1133 2612 1268 2657 122.
1353 2592 1723 2656 Sententiae
1770 2617 1806 2654 a
1849 2594 1930 2654 G.
1973 2593 2155 2657 Valla
2198 2593 2263 2654 in
2308 2614 2486 2654 com-

427 2698 742 2762 mentario
803 2698 884 2759 ad
925 2699 1286 2762 Iuvenalem
1327 2699 1637 2762 Alcibiadi
1672 2699 1943 2761 traditae
1983 2701 2246 2777 fontem,
2285 2717 2486 2783 quem

429 2808 524 2868 Cl.
596 2807 1009 2866 Buttmannus
1082 2828 1268 2890 aegre
1339 2805 1677 2883 desiderat,
1757 2806 1823 2867 in
1881 2804 2149 2867 disticho
2213 2807 2488 2882 Graece,

433 2914 608 2999 quod
661 2934 849 2997 supra
903 2911 1250 2989 retulimuS,
1316 2907 1421 2974 vel
1487 2913 1552 2974 in
1607 2910 1732 2974 alio
1799 2911 2080 2973 eiusdem
2134 2913 2492 2994 argumenti

436 3043 573 3083 esse
617 3042 746 3082 non
787 3019 920 3080 sine
967 3019 1410 3103 probabilitate
1452 3019 1775 3086 coniicere
1817 3018 1971 3079 mihi
2009 3018 2248 3089 videor,

593 3127 822 3188 Strabo
865 3129 947 3188 X.
989 3150 1053 3210 p.
1094 3147 1232 3209 470.
1278 3147 1348 3187 ex
1386 3088 1677 3209 Aescsiyli
1718 3126 2081 3209 fragmentis
2124 3148 2304 3187 sacra
2339 3126 2498 3189 deae

439 3233 526 3294 ita
576 3233 899 3311 describit,
937 3243 1014 3294 ut
1051 3255 1196 3295 cum
1231 3233 1515 3317 Phrygiis
1564 3234 1907 3295 convenire
1949 3234 2330 3306 videantur3
2379 3257 2499 3296 no·-

426 3340 762 3416 ·minantur
799 3339 992 3399 multa
1030 3336 1444 3400 instrumenta
1488 3338 1552 3401 in
1597 3341 1786 3423 orgiis
1838 3338 1938 3400 his
1979 3340 2262 3402 adhibita
2303 3341 2502 3403 veluti

438 3433 728 3527 βομβύκὴ
789 3437 1066 3529 (αὔλημα
1120 3442 1357 3531 πρέπον
1425 3439 1662 3529 ὄργιόις
1700 3446 1862 3528 ᾙΟΙΙ.
1908 3447 2014 3508 IV.
2057 3448 2205 3525 δι),
2250 3457 2504 3510 aeratae

444 3550 893 3634 crepitaculae,
935 3562 1235 3637 tympana
1275 3562 1395 3615 cet.
1482 3555 1554 3629 In
1594 3552 1807 3614 fabula
1849 3552 2175 3635 Eupolidis
2206 3553 2505 3637 mysteria

447 3656 790 3722 admodum
843 3659 1228 3720 tumultuosa
1283 3658 1712 3737 celebrantur,
1768 3668 1841 3719 ut
1882 3659 2087 3723 solent
2130 3681 2260 3721 esse
2300 3660 2509 3722 Thra-

447 3786 593 3825 cum
655 3783 868 3836 sacra;
923 3764 1344 3829 adhibebatur
1402 3763 1729 3842 rhombus,
1791 3765 2275 3828 instrumentum
2315 3767 2512 3830 musi-

450 3891 616 3948 cum,
685 3871 860 3954 quod
918 3871 1169 3955 pulsum
1225 3893 1521 3954 magnum
1575 3871 1807 3933 edebat
1870 3871 2215 3932 tumultum
2272 3873 2508 3949 (Schol.

451 3979 532 4042 ad
585 3980 874 4064 Apollon.
933 3979 1139 4043 Rhod.
1188 3982 1235 4042 1.
1284 3987 1460 4063 1139.
1504 3980 1611 4043 IV.
1659 3998 1798 4059 μμ.
1837 3978 2005 4041 Phot
2042 3981 2187 4042 Lex.
2234 4002 2290 4038 v.
2323 3965 2514 4057 Ῥορι-

449 4090 581 4170 βος.
624 4088 957 4178 EtymrM.
1004 4112 1063 4175 p.
1111 4111 1245 4172 707·
1291 4090 1456 4165 δα),
1501 4107 1709 4176 neque
1753 4071 2154 4152 abstinebant
2196 4088 2509 4172 tympanis
