3119 5087
1126 388 1615 495 ...23-

506 603 759 669 Deinde
801 604 867 666 in
907 605 1191 677 Nubibus
1234 609 1528 672 Socrates
1580 609 1950 694 Strepsiadi‚
1992 612 2104 696 qui
2142 633 2275 676 sese
2310 637 2420 677 ca-

346 715 612 777 taturire
658 692 1043 798 praetendit,
1085 716 1431 799 respondet
1475 739 1531 777 v.
1580 721 1758 801 296.;

507 814 601 885 Οὖ
656 822 755 901 μὴ
799 816 1092 903 σκώψας,
1149 819 1310 903 μηδὲ
1348 818 1631 905 ποιήσεις
1667 826 1727 905 γ’
1728 869 1750 901 ,
1789 816 1948 909 ὅπερ
1988 819 2051 889 οἶ
2087 824 2417 910 τρυγοδαιί.

1277 1003 1283 1011 .
1472 950 1660 1010 μονες
1703 918 1902 994 οὗτοι.

329 1045 534 1118 atque
596 1033 932 1096 scholiasta
997 1045 1219 1098 monet
1271 1036 1473 1099 haec:
1540 1033 1619 1101 Oi
1681 1027 1870 1099 αλλοι
1908 1033 2191 1116 κωμικοί·
2239 1061 2417 1102 ουτοι

335 1144 457 1225 γὰρ
516 1142 584 1205 ἐν
644 1150 777 1216 τοῖς
831 1136 1177 1224 ποιήμασιν
1222 1136 1454 1207 αὐτῶν
1470 1138 1809 1228 ἇθοώπους
1850 1144 2086 1226 εἷςῆγον
2117 1142 2415 1225 χέζοντάς

334 1272 401 1312 τε
446 1272 551 1311 και
597 1247 776 1335 ἕτερα
815 1248 1045 1333 αἷσχρὰ
1104 1249 1458 1325 ποιοῦντας·
1521 1248 1686 1333 λέγει
1735 1249 1807 1314 δὲ
1847 1251 1928 1314 δι’
1978 1241 2258 1317 Ευπολιν
2298 1252 2411 1317 καί

334 1359 675 1441 Κρατῖνον.

499 1466 677 1529 Idem
713 1464 1225 1578 Aristophanes'
1205 1490 1275 1529 m
1313 1466 1651 1551 Equitibus
1696 1473 1860 1551 399.
1893 1466 2199 1530 Cleonem
2225 1464 2415 1531 indu-

334 1573 424 1636 cit
464 1573 547 1635 ad
591 1572 862 1636 chorum
900 1552 1062 1638 haec
1103 1573 1301 1637 verba
1342 1573 1697 1641 dicentem:
2425 1560 2434 1569 ί

502 1677 598 1743 Εἴ
630 1701 700 1743 σε
737 1681 828 1761 μὴ
868 1679 1064 1759 μισῶ,
1101 1680 1394 1765 γενοιμην
1438 1703 1506 1743 εν
1549 1681 1877 1764 ,Κρατίνου
1913 1674 2163 1771 κώδιον.

328 1785 667 1848 Meliorem
706 1786 1091 1870 scripturam
1132 1810 1187 1851 ει
1232 1810 1300 1851 σε
1347 1788 1439 1873 μὴ
1461 1787 1635 1868 μισῶ
1667 1810 1739 1851 ex
1762 1758 2185 1874 Aristophane
2214 1790 2409 1870 edidi,

330 1892 510 1953 euius
550 1893 811 1977 vestigia
856 1903 1096 1956 exstant
1132 1895 1301 1979 apud
1336 1895 1751 1958 Scholiastam
1779 1896 2042 1958 Pindari
2074 1896 2259 1981 Pyth.
2295 1898 2401 1961 IV.
2489 1914 2494 1919 ’

329 2010 470 2081 407.
494 2022 560 2084 p.
587 2003 728 2064 368.
775 2001 876 2063 ed.
907 2002 1184 2065 Boeckh.
1223 1994 1302 2085 ἦν
1326 2000 1406 2066 ’σε
1446 2002 1538 2084 μὴ
1579 2002 1751 2083 μισῶ
1792 2002 2084 2087 γενοίμην
2131 2001 2199 2067 ἓν
2222 2006 2408 2088 Κρα-

291 2102 507 2168 -τίνου
556 2101 805 2172 κώδιον.
904 2111 1144 2177 Contra
1200 2121 1475 2173 metrum
1528 2133 1684 2173 vero
1724 2120 1954 2195 peccat
1994 2112 2189 2174 lectio
2234 2112 2407 2195 apud

327 2213 590 2276 Suidam
628 2216 853 2289 obVia3
897 2217 953 2282 εἰ
987 2213 1078 2300 ,ιίἡ
1123 2240 1191 2281 σε
1223 2218 1532 2300 μισῶ-ας
1575 2221 1823 2282 retineo
1855 2229 2070 2293 tamen
2107 2240 2142 2280 e
2178 2219 2412 2281 Suidae

329 2321 477 2384 loco
523 2323 867 2386 lectionem
913 2322 1203 2408 γενοίμην
1244 2350 1312 2389 εν
1357 2325 1682 2408 Κρατίνου
1727 2320 1974 2402 κώδιον,
2037 2347 2201 2408 quae
2262 2326 2413 2387 niti-

325 2439 438 2493 tur
476 2429 762 2492 omnium
800 2432 1234 2518 Aristophanis
1276 2434 1592 2495 librorum
1634 2432 2011 2494 auctoritate
2061 2441 2251 2516 atque
2310 2441 2412 2494 te·-

326 2538 628 2602 stimonio
671 2538 1062 2622 Scholiastae
1119 2540 1405 2621 Pindari,
1473 2524 1651 2602 cuius
1696 2538 1895 2603 verba
1935 2537 2127 2601 modo
2171 2537 2413 2600 adscri-

326 2645 585 2730 psimus.
694 2649 942 2710 Mutata
1001 2656 1095 2709 est
1151 2657 1366 2712 autem
1422 2667 1634 2731 nuper
1689 2645 1853 2709 haec
1904 2646 2099 2710 lectio
2147 2647 2227 2708 ab
2266 2648 2412 2709 Ari.-

258 2809 261 2812 .
318 2752 683 2836 stephanis,
696 2753 943 2817 editore
985 2753 1346 2834 Dindorfio‚
1409 2755 1541 2838 qui,
1589 2743 1804 2816 nescio
1846 2776 1973 2837 qua
2029 2754 2410 2816 auctoritate

325 2859 430 2922 vel
475 2860 1009 2944 interpretatione
1048 2861 1217 2922 nisus
1254 2860 1547 2943 γενοίμην
1579 2860 1648 2924 ἐν
1674 2857 1999 2944 Κρατίνου
2032 2854 2257 2923 κώδιον
2292 2861 2413 2921 im·-

324 2967 520 3054 pr-imi
571 2967 768 3045 iussit,
827 2963 998 3031 unde
1039 2968 1272 3054 partim
1313 2970 1450 3052 ipsa
1485 2967 1951 3050 vocabulorum
1991 2967 2410 3049 grammatica

325 3073 629 3135 iunctura
686 3075 1052 3154 destruitur,
1105 3074 1338 3160 partim
1392 3075 1587 3137 totius
1638 3073 1924 3158 imaginis
1967 3082 2198 3134 natura
2237 3072 2413 3134 tolli—

323 3190 468 3253 tur3
512 3192 851 3265 praeterea
892 3203 1023 3245 non
1069 3182 1322 3245 videtur
1356 3181 1710 3258 scholiasta,
1750 3190 1824 3242 ut
1860 3180 1962 3244 vir
1996 3180 2220 3243 doctus
2256 3201 2412 3242 cen-

326 3299 444 3368 set,
511 3289 578 3351 in
631 3290 799 3352 hanc
857 3289 1235 3353 sententiam
1276 3288 1608 3365 inclinare,
1655 3288 1807 3372 quin
1848 3287 2063 3370 potius
2104 3308 2408 3372 compro-

325 3398 546 3460 batam
599 3397 903 3459 hactenus
968 3398 1315 3460 lectionem
1376 3395 1645 3479 amplius
1710 3396 2114 3473 confirmare,
2157 3419 2284 3479 qua
2328 3397 2411 3459 tle

328 3527 524 3566 causa
562 3505 733 3568 idem
774 3504 1161 3570 Dindorfius=
1196 3504 1262 3565 in
1305 3503 1553 3565 edendo
1596 3502 2033 3587 Aristophanis
2068 3502 2407 3570 scholiasta

326 3612 639 3679 sinceram
681 3613 1024 3676 lectionem
1066 3612 1295 3674 tollere
1340 3631 1522 3672 ausus
1566 3631 1696 3671 non
1741 3618 1854 3671 est.

488 3720 796 3804 Spectant
869 3717 938 3780 hi
991 3719 1224 3803 aliique
1283 3718 1412 3779 loci
1478 3716 1561 3779 ad
1628 3716 1874 3780 Cratini
1941 3714 2408 3799 turpitudinem

323 3828 598 3906 vivendi,
642 3825 873 3889 deinde
920 3825 1002 3890 ad
1036 3824 1555 3908 obscoenitatem,
1597 3822 1872 3906 denique
1911 3822 1992 3883 ad
2028 3821 2159 3884 eius
2197 3807 2410 3883 ebrie-

323 3944 542 3996 tatem.
660 3933 1001 4014 Quomodo
1069 3954 1221 3995 vero
1278 3932 1440 3994 haec
1503 3929 1854 4006 accusatio,
1895 3928 2062 3989 iusto
2129 3929 2405 3989 severius

324 4061 515 4131 saepe
574 4028 862 4132 accepta,
922 4041 990 4109 in
1038 4040 1373 4107 Cratinum
1413 4038 1708 4130 quadret,
1751 4035 2017 4138 ulterius
2061 4033 2434 4104 videamus.-
