3119 5087
269 3487 285 3511 Ι

326 656 331 659 .
386 618 515 659 non
577 605 842 679 propter
898 596 1122 679 Baptas
1186 597 1417 657 acerba
1478 605 1542 656 et
1583 605 1988 678 praematura
2029 606 2245 656 morte·
2278 595 2449 657 Alci-

383 702 575 785 biade
620 702 876 764 iubente
919 704 1250 779 interiisse,
1282 725 1353 764 ex
1385 702 1480 778 iis,
1525 725 1687 786 quae
1717 725 1909 786 supra
1937 701 2254 785 disputata
2279 713 2445 779 sunt,

388 811 632 881 elucet3
687 809 812 871 hoc
875 810 1019 870 loco
1083 810 1204 870 alia
1246 810 1529 892 quaestio
1576 810 1783 871 oritur
1825 809 1903 870 de
1946 820 2325 891 argumento
2377 831 2466 872 ex,

382 926 616 1000 poetae
643 916 843 977 nostri
872 916 1232 999 fragmentis
1264 923 1679 998 veterumque
1705 916 2077 975 testimoniis
2111 916 2447 978 eliciendo·

384 1024 739 1106 Pleraeque
806 1023 1203 1083 Graecorum
1281 1022 1586 1099 civitateS,
1658 1018 1961 1105 inprimis'
2013 1021 2448 1098 Athenienses,

387 1129 498 1213 qui
543 1151 689 1190 cum
730 1129 1125 1191 coloniarum
1168 1150 1202 1190 e
1251 1140 1561 1213 prytaneo
1603 1149 1716 1190 suo
1763 1130 2130 1190 emissarum
2164 1129 2452 1190 multitu-

389 1237 563 1314 dine,
606 1246 744 1298 tum
787 1235 1220 1297 dominatione
1267 1245 1454 1318 atque
1488 1235 1716 1296 finibus
1745 1259 1781 1295 a
1810 1236 2208 1318 Propontide
2251 1258 2452 1319 usque

391 1344 473 1405 ad
515 1345 806 1428 Cyrenen
869 1343 1130 1403 extensis
1176 1351 1241 1404 et
1278 1343 1957 1426 propagatis-reliquas
2000 1363 2217 1403 omnes
2264 1365 2453 1426 supe-

387 1453 640 1527 rabant,
699 1448 1028 1530 Eupolidis
1071 1449 1462 1531 temporibus
1504 1449 1822 1532 permulta
1864 1471 2043 1510 saera
2090 1459 2154 1511 et
2195 1450 2453 1532 religio-

390 1579 500 1618 nes
531 1533 932 1633 exercebant,
970 1577 1290 1638 novosque
1328 1555 1478 1616 deos
1515 1555 1898 1631 asciverant,
1926 1556 2154 1637 quibus
2191 1565 2456 1616 noctur-

389 1684 500 1724 nas
561 1662 1069 1745 pervigilationes
1133 1663 1461 1725 instituere
1507 1672 1737 1746 easq'ue
1782 1661 2009 1744 m‘agno
2052 1685 2199 1722 cum
2243 1663 2453 1724 studio
2538 1730 2541 1733 Δ

391 1769 721 1830 celebrare
765 1768 1070 1829 solebant.
1158 1770 1551 1829 Graecorum
1601 1771 1895 1853 mysteria
1947 1791 2094 1830 cum
2139 1770 2457 1853 antiquio-

391 1878 568 1938 ribus
610 1876 1001 1958 temporibus
1045 1876 1131 1936 ita
1172 1887 1383 1937 essent
1424 1877 1787 1952 constituta,
1835 1886 1924 1952 ut,
1970 1876 2021 1935 si
2060 1876 2455 1952 methodum,

394 2007 522 2067 qua
563 1983 628 2043 in
677 1982 751 2043 iis
798 1982 1193 2051 celebrandis
1237 1982 1333 2042 usi
1375 1993 1543 2058 sunt,
1590 1983 1848 2042 minime
1891 1983 2258 2064 probamus,
2303 1984 2457 2065 quin

392 2111 636 2150 summo
680 2074 941 2148 numine
984 2089 1242 2149 omnino
1288 2076 1609 2170 indignam
1651 2088 1980 2164 habemus,
2021 2089 2267 2148 bonum
2302 2110 2460 2149 con-

394 2198 601 2258 silium
656 2196 973 2276 finemque
1032 2193 1211 2255 valde
1272 2192 1655 2254 laudabilem
1711 2204 2132 2275 sequerentur
2189 2194 2301 2271 illi,
2350 2196 2463 2277 qui

394 2303 542 2386 ipsis
601 2303 830 2363 initiati
875 2311 1076 2379 erant,
1136 2303 1472 2384 praeterea
1507 2301 1822 2383 permulta
1871 2301 2093 2361 eximia
2138 2303 2462 2384 peperisse

396 2419 588 2491 atque
643 2409 709 2470 in
773 2409 965 2469 vitam
1022 2408 1373 2484 hominum,
1445 2428 1603 2491 quos
1662 2429 1732 2468 ex
1786 2407 2015 2490 agresti
2073 2407 2461 2490 immanique

396 2527 566 2579 statu
609 2516 883 2579 excultos
928 2517 1008 2577 ad
1051 2515 1509 2577 humanitatem
1555 2524 1620 2577 et
1663 2518 1977 2600 mitigatos
2019 2517 2460 2594 reddiderunt,

396 2623 785 2685 transtulisse
825 2624 1195 2685 videantur:
1243 2623 1514 2684 inductis
1567 2634 1776 2684 tamen
1816 2634 2220 2684 externorum
2254 2649 2467 2708 popu-

398 2732 611 2791 lorum
660 2730 830 2792 festis
895 2742 961 2792 et
1009 2731 1329 2790 sacrificiis
1385 2729 1603 2790 foedas
1662 2730 1955 2790 libidines
2000 2732 2345 2792 arctissime
2394 2733 2467 2791 iis

400 2838 767 2898 coniunctas
827 2838 892 2898 in
946 2857 1155 2896 mores
1209 2831 1552 2897 iuventutis
1610 2836 1941 2898 hominum
1986 2837 2250 2898 stultitia
2292 2840 2471 2921 quasi

398 2945 592 3006 furias
640 2943 939 3027 quasdam
990 2943 1246 3004 immisit
1289 2953 1354 3004 et
1396 2944 1696 3005 incitavit.
1798 2946 1928 3005 Nec
1971 2954 2185 3004 tamen
2230 2945 2317 3004 dii
2368 2967 2473 3007 ex-

402 3051 594 3127 terni,
660 3051 938 3133 quamvis
996 3050 1406 3132 religionibus
1449 3051 1702 3111 summis
1748 3051 2051 3112 celebrati
2095 3051 2474 3135 templisque

405 3156 926 3217 artificiosissimis
969 3157 1201 3232 ornati,
1247 3180 1392 3218 cum
1435 3157 1693 3239 reliquis
1740 3157 1856 3217 diis
1897 3157 2204 3239 indigenis
2247 3160 2475 3220 eodem

406 3263 548 3324 iure
612 3263 974 3345 eademque·
1020 3263 1401 3324 auctoritate
1441 3263 2048 3333 f1·uebantur;'sunt
2090 3268 2299 3347 potius
2342 3266 2485 3328 θεοὶ

404 3366 816 3454 ψηφίσμενοι,
878 3369 1170 3446 ἐπίθετοι,
1230 3367 1472 3446 ξενικοί,
1532 3368 1716 3452 ξένοι.
1752 3381 1817 3430 et
1874 3393 1974 3432 res
2023 3372 2156 3455 ipsa
2200 3374 2481 3448 θῑοξειίἀ

407 3487 695 3538 vocatur.
783 3476 1026 3536 Comici
1066 3497 1196 3536 non
1242 3476 1446 3536 solum
1491 3499 1882 3538 summorum
1924 3478 2159 3540 ducum
2201 3482 2481 3543 actiones

411 3592 483 3643 et-
517 3580 750 3666 flagitia
792 3584 1187 3664 castiganteS,
1251 3582 1364 3643 sed
1423 3582 1615 3643 totius
1662 3583 1885 3665 populi
1929 3593 2194 3647 errores
2230 3598 2295 3647 et
2340 3589 2483 3649 libi-

412 3688 588 3750 dines
634 3688 1017 3772 flagellantes
1075 3689 1404 3748 materiam
1447 3689 1593 3749 satis
1647 3688 1884 3772 largam
1927 3692 2481 3772 nanciscebantur,

414 3819 539 3880 qua
597 3795 691 3856 usi
747 3795 932 3855 huius
978 3796 1342 3870 ¹conaminis
1411 3805 1475 3856 et
1537 3796 2009 3861 consuetudinis
2074 3798 2486 3864 deterrimam

412 3903 785 3965 foeditatem
847 3902 1357 3964 demonstrarent
1413 3922 1678 3984 eamque
1741 3902 1863 3962 hoc
1924 3904 2116 3966 modo
2181 3907 2483 3969 radicitus

414 4011 642 4072 tollere
678 4009 1021 4070 studerent.
1107 4007 1332 4072 Tradit
1369 4007 1596 4067 Cicero
1630 4010 1748 4082 (De
1782 4007 1939 4091 legg.
1979 4012 2050 4070 ΙΙ.
2080 4032 2133 4070 e.
2174 4016 2311 4088 ι5.),
2349 4013 2492 4073 Ari-

416 4116 790 4199 stophanem
835 4135 1030 4178 novos
1076 4113 1225 4175 dees
1271 4122 1335 4175 et
1376 4113 1440 4175 in
1485 4114 1581 4174 his
1628 4114 1907 4179 colendis
1951 4129 2293 4183 nocturnas
2335 4144 2487 4207 per-
